day,timestamp,product,bid_price_1,bid_volume_1,bid_price_2,bid_volume_2,bid_price_3,bid_volume_3,ask_price_1,ask_volume_1,ask_price_2,ask_volume_2,ask_price_3,ask_volume_3,mid_price,profit_and_loss
1,0,SQUID_INK,1834,23,,,,,1838,23,,,,,1836,0
1,0,RAINFOREST_RESIN,9992,31,,,,,10008,31,,,,,10000,0
1,0,KELP,2032,23,,,,,2035,23,,,,,2033.5,0
1,100,KELP,2034,1,2033,2,2032,22,2035,22,,,,,2034.5,0
1,100,SQUID_INK,1838,1,1837,2,1836,22,1839,22,,,,,1838.5,-12.32421875
1,100,RAINFOREST_RESIN,9992,27,,,,,10008,27,,,,,10000,0
1,200,RAINFOREST_RESIN,10001,1,9992,25,,,10008,25,,,,,10004.5,0
1,200,KELP,2032,1,2031,21,,,2035,22,,,,,2033.5,0
1,200,SQUID_INK,1839,22,,,,,1842,22,,,,,1840.5,87.0859375
1,300,KELP,2034,1,2032,26,,,2035,26,,,,,2034.5,0
1,300,SQUID_INK,1843,1,1841,26,,,1844,26,,,,,1843.5,190.5
1,300,RAINFOREST_RESIN,10001,1,9992,32,,,10008,32,,,,,10004.5,0
1,400,SQUID_INK,1842,28,,,,,1845,28,,,,,1843.5,217.9609375
1,400,RAINFOREST_RESIN,9992,28,,,,,10003,6,10008,28,,,9997.5,0
1,400,KELP,2032,2,2031,26,,,2035,28,,,,,2033.5,0
1,500,KELP,2032,1,2031,23,,,2033,3,2035,24,,,2032.5,0
1,500,SQUID_INK,1839,1,1838,23,,,1840,3,1842,24,,,1839.5,69.7421875
1,500,RAINFOREST_RESIN,9992,34,,,,,10008,34,,,,,10000,0
1,600,RAINFOREST_RESIN,9997,3,9992,27,,,10008,27,,,,,10002.5,0
1,600,KELP,2033,5,2032,2,2031,28,2035,30,,,,,2034,0
1,600,SQUID_INK,1840,5,1838,30,,,1841,30,,,,,1840.5,53.984375
1,700,KELP,2031,22,,,,,2035,23,,,,,2033,0
1,700,SQUID_INK,1834,22,,,,,1837,23,,,,,1835.5,-139.875
1,700,RAINFOREST_RESIN,9992,33,,,,,10008,33,,,,,10000,0
1,800,SQUID_INK,1833,25,,,,,1834,3,1836,25,,,1833.5,-185.2109375
1,800,RAINFOREST_RESIN,9992,35,,,,,10008,35,,,,,10000,0
1,800,KELP,2032,1,2031,24,,,2033,3,2035,25,,,2032.5,0
1,900,SQUID_INK,1834,21,,,,,1837,21,,,,,1835.5,-143.4453125
1,900,KELP,2032,1,2031,20,,,2035,21,,,,,2033.5,0
1,900,RAINFOREST_RESIN,9992,27,,,,,9997,11,10008,27,,,9994.5,0
1,1000,RAINFOREST_RESIN,9992,29,,,,,10008,29,,,,,10000,33
1,1000,KELP,2032,31,,,,,2035,31,,,,,2033.5,0
1,1000,SQUID_INK,1835,31,,,,,1838,31,,,,,1836.5,-93.421875
1,1100,SQUID_INK,1836,22,,,,,1839,22,,,,,1837.5,-51.5078125
1,1100,KELP,2032,22,,,,,2035,22,,,,,2033.5,0
1,1100,RAINFOREST_RESIN,9992,28,,,,,10008,28,,,,,10000,33
1,1200,SQUID_INK,1836,23,,,,,1837,1,1839,1,1840,22,1836.5,-29.734375
1,1200,RAINFOREST_RESIN,9992,32,,,,,10008,32,,,,,10000,33
1,1200,KELP,2032,22,,,,,2035,23,,,,,2033.5,0
1,1300,SQUID_INK,1839,25,,,,,1842,25,,,,,1840.5,90.8828125
1,1300,KELP,2032,25,,,,,2035,25,,,,,2033.5,0
1,1300,RAINFOREST_RESIN,9992,32,,,,,10008,32,,,,,10000,33
1,1400,RAINFOREST_RESIN,10001,1,9992,28,,,10008,28,,,,,10004.5,33
1,1400,KELP,2032,23,,,,,2033,6,2035,23,,,2032.5,0
1,1400,SQUID_INK,1841,23,,,,,1842,6,1844,23,,,1841.5,185.5234375
1,1500,SQUID_INK,1844,1,1843,1,1842,20,1846,21,,,,,1845,269.6953125
1,1500,KELP,2034,1,2032,21,,,2035,21,,,,,2034.5,0
1,1500,RAINFOREST_RESIN,9997,2,9992,28,,,10008,28,,,,,10002.5,33
1,1600,SQUID_INK,1842,30,,,,,1845,30,,,,,1843.5,241.8046875
1,1600,RAINFOREST_RESIN,9992,26,,,,,10008,26,,,,,10000,33
1,1600,KELP,2032,30,,,,,2035,30,,,,,2033.5,0
1,1700,SQUID_INK,1844,28,,,,,1846,8,1848,28,,,1845,364.84375
1,1700,KELP,2032,28,,,,,2034,8,2036,28,,,2033,0
1,1700,RAINFOREST_RESIN,9992,35,,,,,10008,35,,,,,10000,33
1,1800,RAINFOREST_RESIN,10002,3,9992,29,,,10008,29,,,,,10005,33
1,1800,KELP,2033,4,2032,23,,,2036,23,,,,,2034.5,0
1,1800,SQUID_INK,1847,4,1846,23,,,1849,23,,,,,1848,444.3671875
1,1900,KELP,2032,31,,,,,2036,32,,,,,2034,0
1,1900,SQUID_INK,1847,1,1846,30,,,1850,32,,,,,1848.5,468.0078125
1,1900,RAINFOREST_RESIN,9992,27,,,,,10008,27,,,,,10000,39
1,2000,KELP,2032,23,,,,,2036,23,,,,,2034,0
1,2000,SQUID_INK,1848,2,1847,21,,,1851,23,,,,,1849.5,514
1,2000,RAINFOREST_RESIN,9992,34,,,,,10008,34,,,,,10000,39
1,2100,SQUID_INK,1848,28,,,,,1850,5,1851,28,,,1849,531.1484375
1,2100,RAINFOREST_RESIN,9992,25,,,,,10008,25,,,,,10000,39
1,2100,KELP,2032,28,,,,,2034,5,2036,28,,,2033,0
1,2200,RAINFOREST_RESIN,9992,30,,,,,10008,30,,,,,10000,39
1,2200,KELP,2033,4,2032,21,,,2036,21,,,,,2034.5,0
1,2200,SQUID_INK,1849,25,,,,,1852,21,,,,,1850.5,593.3671875
1,2300,KELP,2033,5,2032,24,,,2036,24,,,,,2034.5,0
1,2300,SQUID_INK,1849,29,,,,,1852,24,,,,,1850.5,595.2265625
1,2300,RAINFOREST_RESIN,9992,27,,,,,10008,27,,,,,10000,39
1,2400,KELP,2032,22,,,,,2036,22,,,,,2034,0
1,2400,SQUID_INK,1847,22,,,,,1850,22,,,,,1848.5,503.828125
1,2400,RAINFOREST_RESIN,9992,33,,,,,10008,33,,,,,10000,39
1,2500,SQUID_INK,1850,23,,,,,1853,23,,,,,1851.5,617.953125
1,2500,RAINFOREST_RESIN,9997,5,9992,28,,,10008,28,,,,,10002.5,39
1,2500,KELP,2032,23,,,,,2036,23,,,,,2034,0
1,2600,RAINFOREST_RESIN,9992,33,,,,,10008,33,,,,,10000,39
1,2600,KELP,2033,30,,,,,2036,30,,,,,2034.5,0
1,2600,SQUID_INK,1851,30,,,,,1854,30,,,,,1852.5,685.9140625
1,2700,KELP,2033,30,,,,,2036,23,,,,,2034.5,0
1,2700,SQUID_INK,1853,30,,,,,1856,23,,,,,1854.5,784.46875
1,2700,RAINFOREST_RESIN,10001,1,9992,34,,,10008,34,,,,,10004.5,39
1,2800,KELP,2033,27,,,,,2036,27,,,,,2034.5,0
1,2800,SQUID_INK,1853,27,,,,,1857,27,,,,,1855,806.828125
1,2800,RAINFOREST_RESIN,9997,2,9992,28,,,10008,28,,,,,10002.5,39
1,2900,SQUID_INK,1853,22,,,,,1856,22,,,,,1854.5,779.703125
1,2900,RAINFOREST_RESIN,9992,28,,,,,10008,28,,,,,10000,39
1,2900,KELP,2032,22,,,,,2036,22,,,,,2034,0
1,3000,RAINFOREST_RESIN,9992,30,,,,,10008,30,,,,,10000,39
1,3000,KELP,2035,1,2033,35,,,2036,30,,,,,2035.5,0
1,3000,SQUID_INK,1855,1,1853,35,,,1856,30,,,,,1855.5,764.9765625
1,3100,KELP,2032,28,,,,,2036,28,,,,,2034,0
1,3100,SQUID_INK,1851,28,,,,,1854,28,,,,,1852.5,688.28125
1,3100,RAINFOREST_RESIN,9992,35,,,,,10008,35,,,,,10000,39
1,3200,KELP,2032,24,,,,,2034,5,2036,24,,,2033,0
1,3200,SQUID_INK,1851,24,,,,,1852,5,1854,24,,,1851.5,700.2578125
1,3200,RAINFOREST_RESIN,10003,3,9992,27,,,10008,27,,,,,10005.5,39
1,3300,SQUID_INK,1851,25,,,,,1854,25,,,,,1852.5,670.4765625
1,3300,RAINFOREST_RESIN,9992,29,,,,,10008,29,,,,,10000,48
1,3300,KELP,2033,1,2032,24,,,2036,25,,,,,2034.5,0
1,3400,RAINFOREST_RESIN,9992,32,,,,,9998,3,10008,32,,,9995,48
1,3400,KELP,2033,2,2032,27,,,2036,29,,,,,2034.5,0
1,3400,SQUID_INK,1850,29,,,,,1853,29,,,,,1851.5,646.0703125
1,3500,KELP,2032,26,,,,,2036,26,,,,,2034,0
1,3500,SQUID_INK,1852,26,,,,,1855,26,,,,,1853.5,714.6875
1,3500,RAINFOREST_RESIN,9992,25,,,,,10008,25,,,,,10000,54
1,3600,KELP,2033,27,,,,,2036,27,,,,,2034.5,0
1,3600,SQUID_INK,1850,27,,,,,1853,27,,,,,1851.5,634.828125
1,3600,RAINFOREST_RESIN,9992,27,,,,,10008,27,,,,,10000,54
1,3700,SQUID_INK,1851,25,,,,,1854,25,,,,,1852.5,668
1,3700,RAINFOREST_RESIN,9992,28,,,,,9999,1,10008,28,,,9995.5,54
1,3700,KELP,2033,25,,,,,2036,25,,,,,2034.5,0
1,3800,RAINFOREST_RESIN,9992,35,,,,,10008,35,,,,,10000,54
1,3800,KELP,2033,24,,,,,2035,7,2036,24,,,2034,0
1,3800,SQUID_INK,1849,24,,,,,1851,7,1852,24,,,1850,599.1171875
1,3900,KELP,2033,27,,,,,2036,26,,,,,2034.5,0
1,3900,SQUID_INK,1850,27,,,,,1853,26,,,,,1851.5,629.3125
1,3900,RAINFOREST_RESIN,9992,35,,,,,10008,35,,,,,10000,54
1,4000,KELP,2032,30,,,,,2036,31,,,,,2034,0
1,4000,SQUID_INK,1850,31,,,,,1851,1,1853,1,1854,30,1850.5,657.9140625
1,4000,RAINFOREST_RESIN,9997,6,9992,30,,,10008,30,,,,,10002.5,54
1,4100,RAINFOREST_RESIN,9997,2,9992,34,,,10008,34,,,,,10002.5,54
1,4100,SQUID_INK,1852,5,1851,24,,,1854,24,,,,,1853,683.5703125
1,4100,KELP,2033,5,2032,24,,,2036,24,,,,,2034.5,0
1,4200,RAINFOREST_RESIN,9992,25,,,,,10008,25,,,,,10000,54
1,4200,KELP,2032,29,,,,,2034,7,2036,29,,,2033,0
1,4200,SQUID_INK,1852,29,,,,,1854,7,1855,29,,,1853,735.4921875
1,4300,KELP,2032,26,,,,,2033,2,2036,26,,,2032.5,0
1,4300,RAINFOREST_RESIN,9992,26,,,,,10008,26,,,,,10000,54
1,4300,SQUID_INK,1853,26,,,,,1854,2,1857,26,,,1853.5,813.1953125
1,4400,KELP,2032,28,,,,,2035,28,,,,,2033.5,0
1,4400,SQUID_INK,1853,28,,,,,1856,28,,,,,1854.5,801.03125
1,4400,RAINFOREST_RESIN,9992,30,,,,,10008,30,,,,,10000,54
1,4500,RAINFOREST_RESIN,9992,34,,,,,10008,34,,,,,10000,54
1,4500,SQUID_INK,1852,26,,,,,1854,8,1855,26,,,1853,747.25
1,4500,KELP,2032,26,,,,,2034,8,2036,26,,,2033,0
1,4600,RAINFOREST_RESIN,9992,31,,,,,10008,31,,,,,10000,54
1,4600,KELP,2032,21,,,,,2034,3,2036,21,,,2033,0
1,4600,SQUID_INK,1854,21,,,,,1856,3,1857,21,,,1855,840.359375
1,4700,KELP,2032,26,,,,,2035,26,,,,,2033.5,0
1,4700,RAINFOREST_RESIN,9992,27,,,,,10008,27,,,,,10000,54
1,4700,SQUID_INK,1854,26,,,,,1857,26,,,,,1855.5,828.4296875
1,4800,KELP,2034,1,2033,7,2032,23,2036,23,,,,,2035,0
1,4800,SQUID_INK,1856,1,1854,30,,,1857,23,,,,,1856.5,834.59375
1,4800,RAINFOREST_RESIN,9992,25,,,,,9999,1,10008,25,,,9995.5,54
1,4900,RAINFOREST_RESIN,9997,7,9992,28,,,10008,28,,,,,10002.5,54
1,4900,SQUID_INK,1853,24,,,,,1855,6,1856,24,,,1854,793.5546875
1,4900,KELP,2032,24,,,,,2034,6,2035,2,2036,22,2033,0
1,5000,RAINFOREST_RESIN,9992,27,,,,,10008,27,,,,,10000,54
1,5000,KELP,2033,5,2032,31,,,2035,1,2036,30,,,2034,0
1,5000,SQUID_INK,1854,6,1853,30,,,1857,31,,,,,1855.5,814.8671875
1,5100,KELP,2032,26,,,,,2036,26,,,,,2034,0
1,5100,RAINFOREST_RESIN,9992,28,,,,,10008,28,,,,,10000,54
1,5100,SQUID_INK,1852,26,,,,,1855,26,,,,,1853.5,751.0546875
1,5200,SQUID_INK,1854,5,1853,31,,,1856,25,,,,,1855,774.6640625
1,5200,KELP,2033,5,2032,31,,,2035,2,2036,23,,,2034,0
1,5200,RAINFOREST_RESIN,9992,35,,,,,10008,35,,,,,10000,54
1,5300,RAINFOREST_RESIN,9992,29,,,,,9997,12,10008,29,,,9994.5,54
1,5300,SQUID_INK,1852,22,,,,,1855,22,,,,,1853.5,752.3046875
1,5300,KELP,2032,22,,,,,2036,22,,,,,2034,0
1,5400,RAINFOREST_RESIN,9992,25,,,,,10008,25,,,,,10000,90
1,5400,SQUID_INK,1853,30,,,,,1856,30,,,,,1854.5,769.84375
1,5400,KELP,2032,30,,,,,2036,30,,,,,2034,0
1,5500,KELP,2032,29,,,,,2033,8,2036,29,,,2032.5,0
1,5500,RAINFOREST_RESIN,9992,32,,,,,10008,32,,,,,10000,90
1,5500,SQUID_INK,1854,21,,,,,1857,29,,,,,1855.5,830.90625
1,5600,SQUID_INK,1851,25,,,,,1854,2,1855,23,,,1852.5,705.6015625
1,5600,KELP,2032,25,,,,,2036,25,,,,,2034,0
1,5600,RAINFOREST_RESIN,9992,34,,,,,10003,7,10008,34,,,9997.5,90
1,5700,RAINFOREST_RESIN,9992,33,,,,,10008,33,,,,,10000,90
1,5700,SQUID_INK,1850,34,,,,,1853,31,,,,,1851.5,625.21875
1,5700,KELP,2033,4,2032,30,,,2036,31,,,,,2034.5,0
1,5800,RAINFOREST_RESIN,9992,25,,,,,10008,25,,,,,10000,90
1,5800,SQUID_INK,1851,2,1850,28,,,1854,30,,,,,1852.5,662.0546875
1,5800,KELP,2032,30,,,,,2036,30,,,,,2034,0
1,5900,KELP,2032,23,,,,,2036,23,,,,,2034,0
1,5900,RAINFOREST_RESIN,9992,30,,,,,10008,30,,,,,10000,90
1,5900,SQUID_INK,1851,2,1850,21,,,1854,23,,,,,1852.5,661.3125
1,6000,SQUID_INK,1853,30,,,,,1856,30,,,,,1854.5,784.8984375
1,6000,KELP,2032,30,,,,,2036,30,,,,,2034,0
1,6000,RAINFOREST_RESIN,9992,28,,,,,10008,28,,,,,10000,90
1,6100,RAINFOREST_RESIN,9992,33,,,,,10003,4,10008,33,,,9997.5,90
1,6100,SQUID_INK,1853,25,,,,,1856,25,,,,,1854.5,773.65625
1,6100,KELP,2033,1,2032,24,,,2036,25,,,,,2034.5,0
1,6200,RAINFOREST_RESIN,9992,28,,,,,10008,28,,,,,10000,90
1,6200,SQUID_INK,1855,1,1853,30,,,1856,30,,,,,1855.5,791.4140625
1,6200,KELP,2035,1,2032,30,,,2036,30,,,,,2035.5,0
1,6300,KELP,2032,22,,,,,2036,22,,,,,2034,0
1,6300,RAINFOREST_RESIN,9992,28,,,,,10008,28,,,,,10000,90
1,6300,SQUID_INK,1855,22,,,,,1858,22,,,,,1856.5,871.90625
1,6400,SQUID_INK,1855,24,,,,,1858,24,,,,,1856.5,898.7890625
1,6400,KELP,2033,1,2032,23,,,2036,24,,,,,2034.5,0
1,6400,RAINFOREST_RESIN,9992,31,,,,,10003,2,10008,31,,,9997.5,90
1,6500,RAINFOREST_RESIN,10002,3,9992,30,,,10008,30,,,,,10005,90
1,6500,SQUID_INK,1856,22,,,,,1859,22,,,,,1857.5,922.2578125
1,6500,KELP,2032,22,,,,,2036,22,,,,,2034,0
1,6600,RAINFOREST_RESIN,9992,26,,,,,10008,26,,,,,10000,96
1,6600,SQUID_INK,1856,27,,,,,1857,5,1860,29,,,1856.5,963.21875
1,6600,KELP,2032,27,,,,,2033,5,2036,29,,,2032.5,0
1,6700,KELP,2033,31,,,,,2035,7,2036,31,,,2034,0
1,6700,RAINFOREST_RESIN,9992,28,,,,,10008,28,,,,,10000,96
1,6700,SQUID_INK,1857,31,,,,,1859,7,1860,31,,,1858,978.1953125
1,6800,SQUID_INK,1858,4,1857,31,,,1860,31,,,,,1859,969.921875
1,6800,KELP,2034,4,2033,2,2032,29,2036,31,,,,,2035,0
1,6800,RAINFOREST_RESIN,9992,25,,,,,10008,25,,,,,10000,96
1,6900,RAINFOREST_RESIN,9992,31,,,,,10008,31,,,,,10000,96
1,6900,SQUID_INK,1858,29,,,,,1860,3,1861,29,,,1859,1030.757813
1,6900,KELP,2033,29,,,,,2035,3,2036,29,,,2034,0
1,7000,RAINFOREST_RESIN,9992,27,,,,,10008,27,,,,,10000,96
1,7000,SQUID_INK,1858,38,,,,,1861,31,,,,,1859.5,1039.0625
1,7000,KELP,2033,38,,,,,2036,31,,,,,2034.5,0
1,7100,KELP,2033,1,2032,30,,,2036,31,,,,,2034.5,0
1,7100,RAINFOREST_RESIN,9992,31,,,,,10008,31,,,,,10000,96
1,7100,SQUID_INK,1859,31,,,,,1862,31,,,,,1860.5,1095.4375
1,7200,SQUID_INK,1859,29,,,,,1862,23,,,,,1860.5,1093.664063
1,7200,KELP,2033,7,2032,22,,,2036,23,,,,,2034.5,0
1,7200,RAINFOREST_RESIN,9992,33,,,,,10008,33,,,,,10000,96
1,7300,RAINFOREST_RESIN,9992,27,,,,,10008,27,,,,,10000,96
1,7300,SQUID_INK,1860,26,,,,,1863,26,,,,,1861.5,1153.148438
1,7300,KELP,2033,1,2032,25,,,2036,26,,,,,2034.5,0
1,7400,RAINFOREST_RESIN,9992,34,,,,,10008,34,,,,,10000,96
1,7400,SQUID_INK,1860,22,,,,,1863,22,,,,,1861.5,1147.984375
1,7400,KELP,2032,22,,,,,2036,22,,,,,2034,0
1,7500,KELP,2032,29,,,,,2034,3,2036,29,,,2033,0
1,7500,RAINFOREST_RESIN,9992,34,,,,,10008,34,,,,,10000,96
1,7500,SQUID_INK,1860,29,,,,,1861,3,1863,29,,,1860.5,1121.648438
1,7600,SQUID_INK,1859,27,,,,,1862,27,,,,,1860.5,1079.4375
1,7600,KELP,2032,27,,,,,2036,27,,,,,2034,0
1,7600,RAINFOREST_RESIN,9992,30,,,,,10008,30,,,,,10000,96
1,7700,RAINFOREST_RESIN,9997,6,9992,27,,,10008,27,,,,,10002.5,96
1,7700,SQUID_INK,1859,26,,,,,1862,26,,,,,1860.5,1101.015625
1,7700,KELP,2032,26,,,,,2036,26,,,,,2034,0
1,7800,RAINFOREST_RESIN,9992,31,,,,,10008,31,,,,,10000,96
1,7800,SQUID_INK,1861,1,1860,23,,,1864,23,,,,,1862.5,1165.625
1,7800,KELP,2033,1,2032,23,,,2036,23,,,,,2034.5,0
1,7900,KELP,2033,24,,,,,2036,24,,,,,2034.5,0
1,7900,RAINFOREST_RESIN,9992,35,,,,,10008,35,,,,,10000,96
1,7900,SQUID_INK,1861,24,,,,,1864,24,,,,,1862.5,1177.703125
1,8000,SQUID_INK,1863,1,1862,3,1861,30,1864,30,,,,,1863.5,1170.695313
1,8000,KELP,2035,1,2034,3,2033,30,2036,30,,,,,2035.5,0
1,8000,RAINFOREST_RESIN,9992,32,,,,,10008,32,,,,,10000,96
1,8100,SQUID_INK,1860,25,,,,,1864,25,,,,,1862,1160.179688
1,8100,KELP,2033,25,,,,,2036,25,,,,,2034.5,0
1,8100,RAINFOREST_RESIN,9992,30,,,,,10008,30,,,,,10000,96
1,8200,SQUID_INK,1862,2,1861,25,,,1865,27,,,,,1863.5,1211.773438
1,8200,RAINFOREST_RESIN,9992,34,,,,,10008,34,,,,,10000,96
1,8200,KELP,2033,27,,,,,2036,27,,,,,2034.5,0
1,8300,KELP,2033,28,,,,,2036,28,,,,,2034.5,0
1,8300,RAINFOREST_RESIN,9992,33,,,,,10008,33,,,,,10000,96
1,8300,SQUID_INK,1861,28,,,,,1864,28,,,,,1862.5,1174.414063
1,8400,SQUID_INK,1860,29,,,,,1864,29,,,,,1862,1163.046875
1,8400,RAINFOREST_RESIN,10002,4,9992,30,,,10008,30,,,,,10005,96
1,8400,KELP,2033,29,,,,,2036,29,,,,,2034.5,0
1,8500,SQUID_INK,1861,35,,,,,1864,27,,,,,1862.5,1184.601563
1,8500,KELP,2033,35,,,,,2036,27,,,,,2034.5,0
1,8500,RAINFOREST_RESIN,9992,29,,,,,10008,29,,,,,10000,104
1,8600,SQUID_INK,1861,29,,,,,1864,2,1865,27,,,1862.5,1206.304688
1,8600,RAINFOREST_RESIN,9992,32,,,,,10008,32,,,,,10000,104
1,8600,KELP,2033,29,,,,,2036,29,,,,,2034.5,0
1,8700,KELP,2035,1,2033,32,,,2036,24,,,,,2035.5,0
1,8700,SQUID_INK,1863,1,1861,10,1860,22,1864,24,,,,,1863.5,1163.835938
1,8700,RAINFOREST_RESIN,9992,33,,,,,10008,33,,,,,10000,104
1,8800,RAINFOREST_RESIN,9992,26,,,,,10008,26,,,,,10000,104
1,8800,KELP,2033,31,,,,,2036,31,,,,,2034.5,0
1,8800,SQUID_INK,1863,31,,,,,1866,31,,,,,1864.5,1265.921875
1,8900,KELP,2033,28,,,,,2036,26,,,,,2034.5,0
1,8900,SQUID_INK,1864,28,,,,,1867,26,,,,,1865.5,1343.953125
1,8900,RAINFOREST_RESIN,9992,32,,,,,10008,32,,,,,10000,104
1,9000,SQUID_INK,1864,23,,,,,1867,23,,,,,1865.5,1333.703125
1,9000,RAINFOREST_RESIN,9997,6,9992,33,,,10008,33,,,,,10002.5,104
1,9000,KELP,2033,23,,,,,2036,23,,,,,2034.5,0
1,9100,KELP,2033,27,,,,,2036,22,,,,,2034.5,0
1,9100,SQUID_INK,1865,5,1864,22,,,1867,22,,,,,1866,1348.953125
1,9100,RAINFOREST_RESIN,9992,35,,,,,10008,35,,,,,10000,104
1,9200,RAINFOREST_RESIN,9992,31,,,,,10008,31,,,,,10000,104
1,9200,KELP,2033,30,,,,,2036,27,,,,,2034.5,0
1,9200,SQUID_INK,1865,30,,,,,1868,27,,,,,1866.5,1367.046875
1,9300,KELP,2033,30,,,,,2036,30,,,,,2034.5,0
1,9300,SQUID_INK,1864,30,,,,,1868,30,,,,,1866,1360.882813
1,9300,RAINFOREST_RESIN,10003,11,9992,26,,,10008,26,,,,,10005.5,104
1,9400,SQUID_INK,1866,3,1865,30,,,1868,30,,,,,1867,1397.640625
1,9400,RAINFOREST_RESIN,9992,29,,,,,10008,29,,,,,10000,137
1,9400,KELP,2033,33,,,,,2036,30,,,,,2034.5,0
1,9500,KELP,2033,26,,,,,2036,26,,,,,2034.5,0
1,9500,SQUID_INK,1865,26,,,,,1868,26,,,,,1866.5,1394.523438
1,9500,RAINFOREST_RESIN,9992,27,,,,,10008,27,,,,,10000,137
1,9600,RAINFOREST_RESIN,9992,25,,,,,10008,25,,,,,10000,137
1,9600,KELP,2033,21,,,,,2036,21,,,,,2034.5,0
1,9600,SQUID_INK,1867,21,,,,,1870,21,,,,,1868.5,1477.851563
1,9700,SQUID_INK,1866,31,,,,,1867,5,1868,5,1869,31,1866.5,1441.789063
1,9700,KELP,2033,31,,,,,2034,5,2035,5,2036,31,2033.5,0
1,9700,RAINFOREST_RESIN,9992,28,,,,,10008,28,,,,,10000,137
1,9800,SQUID_INK,1865,26,,,,,1868,26,,,,,1866.5,1390.734375
1,9800,RAINFOREST_RESIN,9992,26,,,,,10008,26,,,,,10000,137
1,9800,KELP,2033,26,,,,,2036,26,,,,,2034.5,0
1,9900,SQUID_INK,1866,24,,,,,1869,24,,,,,1867.5,1422.710938
1,9900,KELP,2033,24,,,,,2036,24,,,,,2034.5,0
1,9900,RAINFOREST_RESIN,10001,1,9992,29,,,10008,29,,,,,10004.5,137
1,10000,RAINFOREST_RESIN,9992,28,,,,,10000,4,10008,28,,,9996,137
1,10000,KELP,2033,27,,,,,2036,27,,,,,2034.5,0
1,10000,SQUID_INK,1867,27,,,,,1870,27,,,,,1868.5,1468.71875
1,10100,SQUID_INK,1867,21,,,,,1869,5,1870,21,,,1868,1493.273438
1,10100,KELP,2033,1,2032,20,,,2034,5,2036,21,,,2033.5,0
1,10100,RAINFOREST_RESIN,9992,28,,,,,10008,28,,,,,10000,137
1,10200,SQUID_INK,1869,20,,,,,1872,20,,,,,1870.5,1566.320313
1,10200,RAINFOREST_RESIN,9997,4,9992,31,,,10008,31,,,,,10002.5,137
1,10200,KELP,2033,20,,,,,2036,20,,,,,2034.5,0
1,10300,SQUID_INK,1869,5,1868,25,,,1871,25,,,,,1870,1553.210938
1,10300,KELP,2033,30,,,,,2036,25,,,,,2034.5,0
1,10300,RAINFOREST_RESIN,9992,33,,,,,10008,33,,,,,10000,137
1,10400,RAINFOREST_RESIN,9992,27,,,,,9999,1,10008,27,,,9995.5,137
1,10400,KELP,2032,25,,,,,2036,25,,,,,2034,0
1,10400,SQUID_INK,1869,25,,,,,1873,25,,,,,1871,1612.28125
1,10500,SQUID_INK,1870,34,,,,,1873,26,,,,,1871.5,1633.09375
1,10500,KELP,2033,8,2032,26,,,2036,26,,,,,2034.5,0
1,10500,RAINFOREST_RESIN,9997,4,9992,33,,,10008,33,,,,,10002.5,137
1,10600,SQUID_INK,1871,3,1870,20,,,1873,20,,,,,1872,1617.289063
1,10600,RAINFOREST_RESIN,9992,34,,,,,10008,34,,,,,10000,137
1,10600,KELP,2034,3,2032,20,,,2036,20,,,,,2035,0
1,10700,SQUID_INK,1870,31,,,,,1873,24,,,,,1871.5,1644.523438
1,10700,KELP,2033,7,2032,24,,,2036,24,,,,,2034.5,0
1,10700,RAINFOREST_RESIN,9992,28,,,,,10003,7,10008,28,,,9997.5,137
1,10800,RAINFOREST_RESIN,9992,33,,,,,10008,33,,,,,10000,137
1,10800,KELP,2033,6,2032,23,,,2036,23,,,,,2034.5,0
1,10800,SQUID_INK,1872,6,1871,23,,,1874,23,,,,,1873,1701.859375
1,10900,KELP,2032,23,,,,,2033,6,2036,23,,,2032.5,0
1,10900,SQUID_INK,1870,23,,,,,1872,6,1874,23,,,1871,1661.351563
1,10900,RAINFOREST_RESIN,9992,29,,,,,10008,29,,,,,10000,137
1,11000,KELP,2032,27,,,,,2034,2,2035,27,,,2033,0
1,11000,SQUID_INK,1871,27,,,,,1873,2,1874,27,,,1872,1699.640625
1,11000,RAINFOREST_RESIN,9992,34,,,,,10008,34,,,,,10000,137
1,11100,SQUID_INK,1870,32,,,,,1873,31,,,,,1871.5,1636.234375
1,11100,RAINFOREST_RESIN,9992,29,,,,,10008,29,,,,,10000,137
1,11100,KELP,2032,32,,,,,2035,1,2036,30,,,2033.5,0
1,11200,RAINFOREST_RESIN,9997,3,9992,35,,,10008,35,,,,,10002.5,137
1,11200,KELP,2032,30,,,,,2034,5,2035,2,2036,28,2033,0
1,11200,SQUID_INK,1870,30,,,,,1872,5,1873,30,,,1871,1653.1875
1,11300,KELP,2032,27,,,,,2035,27,,,,,2033.5,0
1,11300,SQUID_INK,1871,27,,,,,1874,27,,,,,1872.5,1696.851563
1,11300,RAINFOREST_RESIN,9992,25,,,,,10008,25,,,,,10000,137
1,11400,KELP,2032,30,,,,,2035,30,,,,,2033.5,0
1,11400,SQUID_INK,1870,30,,,,,1873,30,,,,,1871.5,1645.609375
1,11400,RAINFOREST_RESIN,9992,25,,,,,10003,3,10008,25,,,9997.5,137
1,11500,SQUID_INK,1869,29,,,,,1870,5,1872,29,,,1869.5,1570.851563
1,11500,RAINFOREST_RESIN,9992,26,,,,,10008,26,,,,,10000,137
1,11500,KELP,2032,29,,,,,2034,5,2035,29,,,2033,0
1,11600,RAINFOREST_RESIN,9992,29,,,,,10003,4,10008,29,,,9997.5,137
1,11600,KELP,2032,24,,,,,2034,7,2035,24,,,2033,0
1,11600,SQUID_INK,1868,24,,,,,1870,7,1871,24,,,1869,1553.476563
1,11700,KELP,2033,4,2032,22,,,2035,22,,,,,2034,0
1,11700,SQUID_INK,1870,4,1869,22,,,1872,22,,,,,1871,1584.164063
1,11700,RAINFOREST_RESIN,9992,35,,,,,9999,1,10008,35,,,9995.5,137
1,11800,KELP,2032,22,,,,,2035,22,,,,,2033.5,0
1,11800,SQUID_INK,1869,22,,,,,1872,22,,,,,1870.5,1583.875
1,11800,RAINFOREST_RESIN,9992,30,,,,,10008,30,,,,,10000,137
1,11900,SQUID_INK,1869,4,1868,23,,,1871,1,1872,22,,,1870,1556.304688
1,11900,RAINFOREST_RESIN,9992,25,,,,,10008,25,,,,,10000,137
1,11900,KELP,2033,4,2032,23,,,2035,23,,,,,2034,0
1,12000,RAINFOREST_RESIN,9992,28,,,,,10008,28,,,,,10000,137
1,12000,KELP,2032,28,,,,,2035,28,,,,,2033.5,0
1,12000,SQUID_INK,1870,1,1869,27,,,1873,28,,,,,1871.5,1613.976563
1,12100,KELP,2032,25,,,,,2035,25,,,,,2033.5,0
1,12100,SQUID_INK,1871,2,1870,23,,,1874,25,,,,,1872.5,1661.945313
1,12100,RAINFOREST_RESIN,9992,34,,,,,9997,8,10008,34,,,9994.5,137
1,12200,KELP,2032,25,,,,,2035,25,,,,,2033.5,0
1,12200,SQUID_INK,1872,2,1871,23,,,1875,25,,,,,1873.5,1711.585938
1,12200,RAINFOREST_RESIN,9992,33,,,,,10003,2,10008,33,,,9997.5,161
1,12300,SQUID_INK,1872,4,1871,25,,,1874,25,,,,,1873,1700.773438
1,12300,RAINFOREST_RESIN,9992,26,,,,,10008,26,,,,,10000,161
1,12300,KELP,2032,29,,,,,2035,25,,,,,2033.5,0
1,12400,RAINFOREST_RESIN,9992,29,,,,,10008,29,,,,,10000,161
1,12400,KELP,2032,29,,,,,2035,29,,,,,2033.5,0
1,12400,SQUID_INK,1871,29,,,,,1874,29,,,,,1872.5,1687.585938
1,12500,KELP,2033,3,2032,23,,,2035,23,,,,,2034,0
1,12500,SQUID_INK,1871,3,1870,23,,,1873,23,,,,,1872,1631.601563
1,12500,RAINFOREST_RESIN,9992,32,,,,,10003,2,10008,32,,,9997.5,161
1,12600,KELP,2033,4,2032,26,,,2035,26,,,,,2034,0
1,12600,SQUID_INK,1871,4,1870,26,,,1873,26,,,,,1872,1649.828125
1,12600,RAINFOREST_RESIN,9992,31,,,,,10008,31,,,,,10000,161
1,12700,SQUID_INK,1869,28,,,,,1872,28,,,,,1870.5,1566.96875
1,12700,RAINFOREST_RESIN,9992,30,,,,,10008,30,,,,,10000,161
1,12700,KELP,2032,28,,,,,2035,28,,,,,2033.5,0
1,12800,RAINFOREST_RESIN,9992,30,,,,,10008,30,,,,,10000,161
1,12800,KELP,2033,4,2032,30,,,2035,30,,,,,2034,0
1,12800,SQUID_INK,1868,4,1867,30,,,1870,30,,,,,1869,1480.914063
1,12900,KELP,2032,23,,,,,2034,2,2035,23,,,2033,0
1,12900,SQUID_INK,1866,23,,,,,1868,2,1870,23,,,1867,1459.429688
1,12900,RAINFOREST_RESIN,9992,34,,,,,10008,34,,,,,10000,161
1,13000,KELP,2032,32,,,,,2035,32,,,,,2033.5,0
1,13000,SQUID_INK,1865,32,,,,,1868,32,,,,,1866.5,1371.71875
1,13000,RAINFOREST_RESIN,9992,32,,,,,10008,32,,,,,10000,161
1,13100,RAINFOREST_RESIN,9992,28,,,,,10008,28,,,,,10000,161
1,13100,SQUID_INK,1864,21,,,,,1866,2,1868,21,,,1865,1363.140625
1,13100,KELP,2032,21,,,,,2033,2,2035,21,,,2032.5,0
1,13200,RAINFOREST_RESIN,9992,29,,,,,10008,29,,,,,10000,161
1,13200,KELP,2034,1,2032,38,,,2035,31,,,,,2034.5,0
1,13200,SQUID_INK,1870,1,1868,38,,,1871,31,,,,,1870.5,1528.445313
1,13300,KELP,2032,23,,,,,2035,23,,,,,2033.5,0
1,13300,RAINFOREST_RESIN,9992,33,,,,,10008,33,,,,,10000,161
1,13300,SQUID_INK,1869,1,1868,22,,,1872,23,,,,,1870.5,1564.53125
1,13400,KELP,2032,26,,,,,2035,26,,,,,2033.5,0
1,13400,SQUID_INK,1869,26,,,,,1872,26,,,,,1870.5,1588.289063
1,13400,RAINFOREST_RESIN,10001,1,9992,30,,,10008,30,,,,,10004.5,161
1,13500,RAINFOREST_RESIN,9992,25,,,,,10008,25,,,,,10000,161
1,13500,SQUID_INK,1868,25,,,,,1871,1,1872,24,,,1869.5,1557.414063
1,13500,KELP,2032,25,,,,,2035,25,,,,,2033.5,0
1,13600,RAINFOREST_RESIN,9992,30,,,,,10008,30,,,,,10000,161
1,13600,KELP,2032,26,,,,,2034,3,2035,26,,,2033,0
1,13600,SQUID_INK,1867,26,,,,,1869,3,1870,2,1871,24,1868,1505.195313
1,13700,KELP,2032,28,,,,,2035,28,,,,,2033.5,0
1,13700,RAINFOREST_RESIN,9992,32,,,,,10008,32,,,,,10000,161
1,13700,SQUID_INK,1866,28,,,,,1869,28,,,,,1867.5,1448.65625
1,13800,KELP,2032,23,,,,,2035,23,,,,,2033.5,0
1,13800,SQUID_INK,1867,23,,,,,1871,23,,,,,1869,1515.976563
1,13800,RAINFOREST_RESIN,9992,27,,,,,10008,27,,,,,10000,161
1,13900,RAINFOREST_RESIN,9992,32,,,,,10008,32,,,,,10000,161
1,13900,SQUID_INK,1867,18,,,,,1870,21,,,,,1868.5,1467.976563
1,13900,KELP,2032,21,,,,,2033,3,2035,21,,,2032.5,0
1,14000,RAINFOREST_RESIN,10003,2,9992,29,,,10008,29,,,,,10005.5,161
1,14000,KELP,2032,31,,,,,2035,29,,,,,2033.5,0
1,14000,SQUID_INK,1867,31,,,,,1870,29,,,,,1868.5,1485.96875
1,14100,KELP,2032,22,,,,,2035,22,,,,,2033.5,0
1,14100,RAINFOREST_RESIN,9992,28,,,,,10008,28,,,,,10000,167
1,14100,SQUID_INK,1867,22,,,,,1870,22,,,,,1868.5,1479.085938
1,14200,SQUID_INK,1867,21,,,,,1871,21,,,,,1869,1508.304688
1,14200,KELP,2032,21,,,,,2035,21,,,,,2033.5,0
1,14200,RAINFOREST_RESIN,9992,30,,,,,10008,30,,,,,10000,167
1,14300,RAINFOREST_RESIN,9992,33,,,,,10008,33,,,,,10000,167
1,14300,SQUID_INK,1869,22,,,,,1872,22,,,,,1870.5,1566.65625
1,14300,KELP,2032,22,,,,,2035,22,,,,,2033.5,0
1,14400,RAINFOREST_RESIN,9992,26,,,,,10008,26,,,,,10000,167
1,14400,SQUID_INK,1869,22,,,,,1872,23,,,,,1870.5,1568.96875
1,14400,KELP,2032,22,,,,,2035,23,,,,,2033.5,0
1,14500,KELP,2032,29,,,,,2034,6,2035,29,,,2033,0
1,14500,RAINFOREST_RESIN,9992,34,,,,,10008,34,,,,,10000,167
1,14500,SQUID_INK,1869,29,,,,,1871,6,1872,29,,,1870,1574.390625
1,14600,SQUID_INK,1866,28,,,,,1867,3,1869,28,,,1866.5,1442.351563
1,14600,KELP,2032,28,,,,,2033,3,2035,28,,,2032.5,0
1,14600,RAINFOREST_RESIN,9992,25,,,,,10008,25,,,,,10000,167
1,14700,RAINFOREST_RESIN,9992,32,,,,,10008,32,,,,,10000,167
1,14700,SQUID_INK,1866,24,,,,,1868,2,1869,24,,,1867,1437.351563
1,14700,KELP,2032,24,,,,,2034,2,2035,24,,,2033,0
1,14800,RAINFOREST_RESIN,9992,35,,,,,10008,35,,,,,10000,167
1,14800,SQUID_INK,1866,31,,,,,1868,3,1869,31,,,1867,1448.96875
1,14800,KELP,2032,31,,,,,2034,3,2035,31,,,2033,0
1,14900,KELP,2034,4,2032,26,,,2035,26,,,,,2034.5,0
1,14900,RAINFOREST_RESIN,9992,35,,,,,10008,35,,,,,10000,167
1,14900,SQUID_INK,1869,4,1868,26,,,1871,26,,,,,1870,1516.695313
1,15000,SQUID_INK,1868,31,,,,,1871,27,,,,,1869.5,1524.632813
1,15000,KELP,2032,31,,,,,2035,27,,,,,2033.5,0
1,15000,RAINFOREST_RESIN,10000,4,9992,26,,,10008,26,,,,,10004,167
1,15100,RAINFOREST_RESIN,9992,35,,,,,10008,35,,,,,10000,167
1,15100,SQUID_INK,1870,21,,,,,1873,21,,,,,1871.5,1631.007813
1,15100,KELP,2032,21,,,,,2035,21,,,,,2033.5,0
1,15200,RAINFOREST_RESIN,9992,35,,,,,10000,4,10008,35,,,9996,167
1,15200,SQUID_INK,1870,4,1869,27,,,1872,23,,,,,1871,1571.90625
1,15200,KELP,2033,8,2032,23,,,2036,23,,,,,2034.5,0
1,15300,KELP,2032,24,,,,,2034,6,2036,24,,,2033,0
1,15300,RAINFOREST_RESIN,10002,3,9997,5,9992,25,10008,25,,,,,10005,167
1,15300,SQUID_INK,1869,2,1868,22,,,1870,6,1872,24,,,1869.5,1562.414063
1,15400,SQUID_INK,1868,30,,,,,1871,30,,,,,1869.5,1525.898438
1,15400,KELP,2032,30,,,,,2036,30,,,,,2034,0
1,15400,RAINFOREST_RESIN,9992,35,,,,,10008,35,,,,,10000,173
1,15500,RAINFOREST_RESIN,9992,28,,,,,9997,11,10008,28,,,9994.5,173
1,15500,SQUID_INK,1868,25,,,,,1872,25,,,,,1870,1565.859375
1,15500,KELP,2032,25,,,,,2036,25,,,,,2034,0
1,15600,RAINFOREST_RESIN,9992,29,,,,,10008,29,,,,,10000,206
1,15600,SQUID_INK,1869,23,,,,,1872,23,,,,,1870.5,1575.945313
1,15600,KELP,2032,23,,,,,2036,23,,,,,2034,0
1,15700,KELP,2032,30,,,,,2034,1,2036,30,,,2033,0
1,15700,RAINFOREST_RESIN,9992,34,,,,,10003,7,10008,34,,,9997.5,206
1,15700,SQUID_INK,1868,30,,,,,1870,1,1872,30,,,1869,1560.90625
1,15800,SQUID_INK,1869,32,,,,,1872,28,,,,,1870.5,1584.703125
1,15800,KELP,2033,4,2032,28,,,2036,28,,,,,2034.5,0
1,15800,RAINFOREST_RESIN,9992,28,,,,,10008,28,,,,,10000,206
1,15900,RAINFOREST_RESIN,9992,34,,,,,10008,34,,,,,10000,206
1,15900,SQUID_INK,1868,18,,,,,1871,21,,,,,1869.5,1523.882813
1,15900,KELP,2032,21,,,,,2033,3,2036,21,,,2032.5,0
1,16000,RAINFOREST_RESIN,9992,34,,,,,10003,5,10008,34,,,9997.5,206
1,16000,SQUID_INK,1869,22,,,,,1871,4,1872,2,1873,20,1870,1607.140625
1,16000,KELP,2032,22,,,,,2034,4,2036,22,,,2033,0
1,16100,KELP,2032,27,,,,,2033,2,2034,8,2036,27,2032.5,0
1,16100,RAINFOREST_RESIN,9997,5,9992,31,,,10008,31,,,,,10002.5,206
1,16100,SQUID_INK,1870,25,,,,,1871,8,1873,27,,,1870.5,1617.375
1,16200,SQUID_INK,1870,26,,,,,1873,27,,,,,1871.5,1646.117188
1,16200,KELP,2032,27,,,,,2033,1,2036,27,,,2032.5,0
1,16200,RAINFOREST_RESIN,9992,33,,,,,10008,33,,,,,10000,206
1,16300,RAINFOREST_RESIN,9992,34,,,,,10008,34,,,,,10000,206
1,16300,SQUID_INK,1871,22,,,,,1874,22,,,,,1872.5,1678.765625
1,16300,KELP,2033,22,,,,,2036,22,,,,,2034.5,0
1,16400,RAINFOREST_RESIN,9992,28,,,,,9999,1,10008,28,,,9995.5,206
1,16400,SQUID_INK,1872,27,,,,,1874,7,1875,2,1876,25,1873,1758.195313
1,16400,KELP,2033,27,,,,,2035,7,2036,27,,,2034,0
1,16500,KELP,2033,22,,,,,2035,1,2036,22,,,2034,0
1,16500,RAINFOREST_RESIN,9992,33,,,,,10008,33,,,,,10000,206
1,16500,SQUID_INK,1872,22,,,,,1874,1,1875,22,,,1873,1742.976563
1,16600,SQUID_INK,1873,7,1872,26,,,1876,26,,,,,1874.5,1753.921875
1,16600,KELP,2033,33,,,,,2036,26,,,,,2034.5,0
1,16600,RAINFOREST_RESIN,9992,34,,,,,10008,34,,,,,10000,206
1,16700,RAINFOREST_RESIN,9992,32,,,,,10000,3,10008,32,,,9996,206
1,16700,SQUID_INK,1872,25,,,,,1875,25,,,,,1873.5,1727.34375
1,16700,KELP,2033,25,,,,,2036,25,,,,,2034.5,0
1,16800,RAINFOREST_RESIN,9992,28,,,,,10008,28,,,,,10000,206
1,16800,SQUID_INK,1873,2,1872,27,,,1875,27,,,,,1874,1745.179688
1,16800,KELP,2034,2,2033,27,,,2036,27,,,,,2035,0
1,16900,KELP,2033,24,,,,,2036,24,,,,,2034.5,0
1,16900,RAINFOREST_RESIN,9992,28,,,,,10000,2,10008,28,,,9996,206
1,16900,SQUID_INK,1871,24,,,,,1875,24,,,,,1873,1708.859375
1,17000,SQUID_INK,1872,1,1871,26,,,1874,26,,,,,1873,1699.492188
1,17000,RAINFOREST_RESIN,10001,1,9992,28,,,10008,28,,,,,10004.5,206
1,17000,KELP,2033,27,,,,,2036,26,,,,,2034.5,0
1,17100,SQUID_INK,1871,27,,,,,1874,27,,,,,1872.5,1698.203125
1,17100,KELP,2033,27,,,,,2036,27,,,,,2034.5,0
1,17100,RAINFOREST_RESIN,9992,35,,,,,10008,35,,,,,10000,206
1,17200,SQUID_INK,1872,33,,,,,1875,28,,,,,1873.5,1732.476563
1,17200,RAINFOREST_RESIN,9992,32,,,,,10008,32,,,,,10000,206
1,17200,KELP,2033,33,,,,,2036,28,,,,,2034.5,0
1,17300,KELP,2033,28,,,,,2035,6,2036,28,,,2034,0
1,17300,RAINFOREST_RESIN,9992,33,,,,,10008,33,,,,,10000,206
1,17300,SQUID_INK,1872,28,,,,,1874,6,1875,28,,,1873,1751.234375
1,17400,RAINFOREST_RESIN,9992,31,,,,,9997,11,10003,4,10008,31,9994.5,206
1,17400,KELP,2035,3,2033,27,,,2036,25,,,,,2035.5,0
1,17400,SQUID_INK,1875,3,1874,2,1873,25,1876,25,,,,,1875.5,1800.804688
1,17500,KELP,2033,28,,,,,2036,28,,,,,2034.5,0
1,17500,SQUID_INK,1873,28,,,,,1876,28,,,,,1874.5,1774.96875
1,17500,RAINFOREST_RESIN,9992,28,,,,,10008,28,,,,,10000,239
1,17600,SQUID_INK,1874,33,,,,,1877,30,,,,,1875.5,1817.140625
1,17600,RAINFOREST_RESIN,9992,34,,,,,10008,34,,,,,10000,239
1,17600,KELP,2033,33,,,,,2036,30,,,,,2034.5,0
1,17700,KELP,2033,22,,,,,2036,22,,,,,2034.5,0
1,17700,SQUID_INK,1874,22,,,,,1878,22,,,,,1876,1864.75
1,17700,RAINFOREST_RESIN,9992,25,,,,,10008,25,,,,,10000,239
1,17800,RAINFOREST_RESIN,9992,30,,,,,10008,30,,,,,10000,239
1,17800,KELP,2033,32,,,,,2035,5,2036,32,,,2034,0
1,17800,SQUID_INK,1875,32,,,,,1877,5,1878,32,,,1876,1885.648438
1,17900,KELP,2035,1,2034,2,2033,21,2036,21,,,,,2035.5,0
1,17900,SQUID_INK,1877,1,1876,2,1875,21,1878,21,,,,,1877.5,1875.054688
1,17900,RAINFOREST_RESIN,10002,5,9992,32,,,10008,32,,,,,10005,239
1,18000,SQUID_INK,1874,24,,,,,1878,24,,,,,1876,1863.25
1,18000,RAINFOREST_RESIN,9997,7,9992,29,,,10008,29,,,,,10002.5,249
1,18000,KELP,2033,24,,,,,2036,24,,,,,2034.5,0
1,18100,KELP,2033,30,,,,,2036,30,,,,,2034.5,0
1,18100,SQUID_INK,1875,30,,,,,1878,30,,,,,1876.5,1883.28125
1,18100,RAINFOREST_RESIN,9992,35,,,,,10008,35,,,,,10000,249
1,18200,RAINFOREST_RESIN,9992,30,,,,,10008,30,,,,,10000,249
1,18200,KELP,2033,25,,,,,2036,25,,,,,2034.5,0
1,18200,SQUID_INK,1875,25,,,,,1878,25,,,,,1876.5,1870.859375
1,18300,KELP,2033,20,,,,,2036,20,,,,,2034.5,0
1,18300,SQUID_INK,1876,20,,,,,1879,20,,,,,1877.5,1940.1875
1,18300,RAINFOREST_RESIN,9992,25,,,,,10008,25,,,,,10000,249
1,18400,SQUID_INK,1878,1,1876,22,,,1879,22,,,,,1878.5,1951.570313
1,18400,RAINFOREST_RESIN,9992,26,,,,,10008,26,,,,,10000,249
1,18400,KELP,2035,1,2033,22,,,2036,22,,,,,2035.5,0
1,18500,SQUID_INK,1877,22,,,,,1880,23,,,,,1878.5,1984.5
1,18500,KELP,2033,22,,,,,2036,23,,,,,2034.5,0
1,18500,RAINFOREST_RESIN,9992,29,,,,,10008,29,,,,,10000,249
1,18600,RAINFOREST_RESIN,9992,28,,,,,10008,28,,,,,10000,249
1,18600,KELP,2033,13,,,,,2036,22,,,,,2034.5,0
1,18600,SQUID_INK,1877,13,,,,,1880,22,,,,,1878.5,1973.546875
1,18700,SQUID_INK,1876,30,,,,,1880,30,,,,,1878,1954.898438
1,18700,KELP,2033,30,,,,,2036,30,,,,,2034.5,0
1,18700,RAINFOREST_RESIN,9992,32,,,,,10008,32,,,,,10000,249
1,18800,SQUID_INK,1876,24,,,,,1879,24,,,,,1877.5,1936.601563
1,18800,RAINFOREST_RESIN,9992,28,,,,,10008,28,,,,,10000,249
1,18800,KELP,2032,24,,,,,2036,24,,,,,2034,0
1,18900,SQUID_INK,1876,32,,,,,1879,25,,,,,1877.5,1924.671875
1,18900,KELP,2033,32,,,,,2036,25,,,,,2034.5,0
1,18900,RAINFOREST_RESIN,9992,32,,,,,10008,32,,,,,10000,249
1,19000,RAINFOREST_RESIN,10002,3,9992,25,,,10008,25,,,,,10005,249
1,19000,KELP,2033,31,,,,,2036,31,,,,,2034.5,0
1,19000,SQUID_INK,1875,31,,,,,1878,31,,,,,1876.5,1899.773438
1,19100,SQUID_INK,1875,23,,,,,1878,23,,,,,1876.5,1899.570313
1,19100,KELP,2033,23,,,,,2036,23,,,,,2034.5,0
1,19100,RAINFOREST_RESIN,9992,28,,,,,10008,28,,,,,10000,255
1,19200,SQUID_INK,1875,26,,,,,1878,26,,,,,1876.5,1875.304688
1,19200,RAINFOREST_RESIN,9992,27,,,,,9998,5,10008,27,,,9995,255
1,19200,KELP,2033,26,,,,,2036,26,,,,,2034.5,0
1,19300,SQUID_INK,1876,25,,,,,1879,25,,,,,1877.5,1932.664063
1,19300,KELP,2033,25,,,,,2036,25,,,,,2034.5,0
1,19300,RAINFOREST_RESIN,9992,30,,,,,9997,8,10008,30,,,9994.5,265
1,19400,RAINFOREST_RESIN,9992,25,,,,,9999,1,10008,25,,,9995.5,289
1,19400,KELP,2033,26,,,,,2036,26,,,,,2034.5,0
1,19400,SQUID_INK,1877,26,,,,,1880,26,,,,,1878.5,1976.21875
1,19500,SQUID_INK,1875,23,,,,,1878,23,,,,,1876.5,1870.609375
1,19500,KELP,2033,23,,,,,2036,23,,,,,2034.5,0
1,19500,RAINFOREST_RESIN,9992,35,,,,,10000,1,10008,35,,,9996,289
1,19600,SQUID_INK,1877,1,1876,26,,,1880,27,,,,,1878.5,1964.164063
1,19600,RAINFOREST_RESIN,9992,33,,,,,10008,33,,,,,10000,289
1,19600,KELP,2033,27,,,,,2036,27,,,,,2034.5,0
1,19700,SQUID_INK,1877,31,,,,,1880,31,,,,,1878.5,2000.359375
1,19700,RAINFOREST_RESIN,9992,30,,,,,9998,3,10008,30,,,9995,289
1,19700,KELP,2033,31,,,,,2036,31,,,,,2034.5,0
1,19800,RAINFOREST_RESIN,9992,33,,,,,10008,33,,,,,10000,295
1,19800,KELP,2033,28,,,,,2036,28,,,,,2034.5,0
1,19800,SQUID_INK,1877,28,,,,,1880,28,,,,,1878.5,2000.648438
1,19900,KELP,2033,23,,,,,2036,23,,,,,2034.5,0
1,19900,SQUID_INK,1876,23,,,,,1879,23,,,,,1877.5,1919.445313
1,19900,RAINFOREST_RESIN,9992,29,,,,,10008,29,,,,,10000,295
1,20000,KELP,2033,26,,,,,2035,4,2036,26,,,2034,0
1,20000,SQUID_INK,1875,26,,,,,1877,4,1878,26,,,1876,1875.5
1,20000,RAINFOREST_RESIN,9992,31,,,,,10008,31,,,,,10000,295
1,20100,SQUID_INK,1876,30,,,,,1878,4,1879,30,,,1877,1929.65625
1,20100,RAINFOREST_RESIN,9992,31,,,,,10008,31,,,,,10000,295
1,20100,KELP,2033,30,,,,,2035,4,2036,30,,,2034,0
1,20200,RAINFOREST_RESIN,9992,34,,,,,10003,2,10008,34,,,9997.5,295
1,20200,KELP,2033,20,,,,,2036,20,,,,,2034.5,0
1,20200,SQUID_INK,1876,20,,,,,1879,20,,,,,1877.5,1944.289063
1,20300,KELP,2033,24,,,,,2036,24,,,,,2034.5,0
1,20300,SQUID_INK,1878,24,,,,,1881,24,,,,,1879.5,2046.117188
1,20300,RAINFOREST_RESIN,9992,25,,,,,10008,25,,,,,10000,295
1,20400,KELP,2033,28,,,,,2034,3,2036,28,,,2033.5,0
1,20400,SQUID_INK,1879,28,,,,,1880,3,1882,1,1883,27,1879.5,2105.320313
1,20400,RAINFOREST_RESIN,9997,6,9992,27,,,10008,27,,,,,10002.5,295
1,20500,SQUID_INK,1879,25,,,,,1880,7,1883,26,,,1879.5,2114.945313
1,20500,RAINFOREST_RESIN,9992,31,,,,,10008,31,,,,,10000,295
1,20500,KELP,2033,18,,,,,2036,1,2037,25,,,2034.5,0
1,20600,RAINFOREST_RESIN,10001,1,9992,33,,,10008,33,,,,,10004.5,295
1,20600,KELP,2033,25,,,,,2036,25,,,,,2034.5,0
1,20600,SQUID_INK,1881,25,,,,,1884,25,,,,,1882.5,2171.851563
1,20700,KELP,2035,2,2033,33,,,2036,30,,,,,2035.5,0
1,20700,SQUID_INK,1881,2,1880,33,,,1883,30,,,,,1882,2123.296875
1,20700,RAINFOREST_RESIN,9992,29,,,,,10008,29,,,,,10000,295
1,20800,KELP,2033,26,,,,,2036,26,,,,,2034.5,0
1,20800,SQUID_INK,1878,26,,,,,1881,26,,,,,1879.5,2030.007813
1,20800,RAINFOREST_RESIN,9992,31,,,,,9999,1,10008,31,,,9995.5,295
1,20900,SQUID_INK,1877,1,1876,29,,,1880,31,,,,,1878.5,1966.265625
1,20900,RAINFOREST_RESIN,9992,28,,,,,10008,28,,,,,10000,295
1,20900,KELP,2033,30,,,,,2036,31,,,,,2034.5,0
1,21000,RAINFOREST_RESIN,10001,1,9992,31,,,10008,31,,,,,10004.5,295
1,21000,KELP,2033,26,,,,,2036,26,,,,,2034.5,0
1,21000,SQUID_INK,1877,26,,,,,1880,26,,,,,1878.5,1977.023438
1,21100,KELP,2033,28,,,,,2034,2,2036,28,,,2033.5,0
1,21100,SQUID_INK,1877,28,,,,,1878,2,1880,28,,,1877.5,1984.15625
1,21100,RAINFOREST_RESIN,9992,35,,,,,10003,6,10008,35,,,9997.5,295
1,21200,KELP,2035,1,2033,29,,,2036,29,,,,,2035.5,0
1,21200,SQUID_INK,1879,1,1877,29,,,1880,29,,,,,1879.5,1992.375
1,21200,RAINFOREST_RESIN,9992,28,,,,,10008,28,,,,,10000,295
1,21300,SQUID_INK,1877,22,,,,,1879,2,1880,22,,,1878,2002.757813
1,21300,RAINFOREST_RESIN,9992,27,,,,,10008,27,,,,,10000,295
1,21300,KELP,2033,22,,,,,2035,2,2036,22,,,2034,0
1,21400,RAINFOREST_RESIN,9992,26,,,,,10008,26,,,,,10000,295
1,21400,KELP,2033,30,,,,,2036,30,,,,,2034.5,0
1,21400,SQUID_INK,1877,30,,,,,1880,30,,,,,1878.5,1987.28125
1,21500,KELP,2032,28,,,,,2033,5,2036,30,,,2032.5,0
1,21500,SQUID_INK,1876,23,,,,,1879,30,,,,,1877.5,1935.953125
1,21500,RAINFOREST_RESIN,9992,25,,,,,10008,25,,,,,10000,295
1,21600,KELP,2033,22,,,,,2036,22,,,,,2034.5,0
1,21600,SQUID_INK,1875,22,,,,,1878,2,1879,20,,,1876.5,1905.304688
1,21600,RAINFOREST_RESIN,9997,4,9992,33,,,10008,33,,,,,10002.5,295
1,21700,SQUID_INK,1875,4,1874,27,,,1877,27,,,,,1876,1853.085938
1,21700,RAINFOREST_RESIN,9992,29,,,,,10008,29,,,,,10000,295
1,21700,KELP,2033,31,,,,,2036,27,,,,,2034.5,0
1,21800,RAINFOREST_RESIN,9997,4,9992,25,,,10008,25,,,,,10002.5,295
1,21800,KELP,2033,26,,,,,2036,26,,,,,2034.5,0
1,21800,SQUID_INK,1875,26,,,,,1878,26,,,,,1876.5,1871.382813
1,21900,KELP,2032,27,,,,,2036,27,,,,,2034,0
1,21900,RAINFOREST_RESIN,9992,28,,,,,9999,1,10008,28,,,9995.5,295
1,21900,SQUID_INK,1875,27,,,,,1878,27,,,,,1876.5,1887.289063
1,22000,KELP,2032,22,,,,,2036,22,,,,,2034,0
1,22000,SQUID_INK,1875,22,,,,,1878,22,,,,,1876.5,1885.796875
1,22000,RAINFOREST_RESIN,9997,2,9992,27,,,10008,27,,,,,10002.5,295
1,22100,RAINFOREST_RESIN,10000,2,9992,27,,,10008,27,,,,,10004,295
1,22100,SQUID_INK,1875,22,,,,,1877,4,1878,22,,,1876,1886.96875
1,22100,KELP,2032,22,,,,,2034,4,2036,22,,,2033,0
1,22200,RAINFOREST_RESIN,9992,27,,,,,9999,1,10008,27,,,9995.5,295
1,22200,KELP,2033,26,,,,,2036,23,,,,,2034.5,0
1,22200,SQUID_INK,1874,26,,,,,1877,23,,,,,1875.5,1838.15625
1,22300,KELP,2033,2,2032,28,,,2036,30,,,,,2034.5,0
1,22300,RAINFOREST_RESIN,9992,27,,,,,10008,27,,,,,10000,295
1,22300,SQUID_INK,1875,30,,,,,1878,30,,,,,1876.5,1888.039063
1,22400,KELP,2033,1,2032,23,,,2036,24,,,,,2034.5,0
1,22400,SQUID_INK,1874,24,,,,,1877,24,,,,,1875.5,1842.820313
1,22400,RAINFOREST_RESIN,9992,25,,,,,10008,25,,,,,10000,295
1,22500,RAINFOREST_RESIN,9992,28,,,,,10008,28,,,,,10000,295
1,22500,SQUID_INK,1875,1,1872,27,,,1876,27,,,,,1875.5,1763.476563
1,22500,KELP,2035,1,2032,27,,,2036,27,,,,,2035.5,0
1,22600,RAINFOREST_RESIN,9992,34,,,,,10003,2,10008,34,,,9997.5,295
1,22600,KELP,2035,1,2034,4,2033,5,2036,26,,,,,2035.5,0
1,22600,SQUID_INK,1875,1,1874,4,1873,30,1876,26,,,,,1875.5,1777.40625
1,22700,KELP,2032,26,,,,,2036,26,,,,,2034,0
1,22700,RAINFOREST_RESIN,9992,34,,,,,10008,34,,,,,10000,295
1,22700,SQUID_INK,1874,26,,,,,1877,26,,,,,1875.5,1830.367188
1,22800,KELP,2032,27,,,,,2036,27,,,,,2034,0
1,22800,SQUID_INK,1873,27,,,,,1876,27,,,,,1874.5,1800
1,22800,RAINFOREST_RESIN,9992,27,,,,,10008,27,,,,,10000,295
1,22900,RAINFOREST_RESIN,9992,31,,,,,10008,31,,,,,10000,295
1,22900,SQUID_INK,1874,22,,,,,1876,4,1877,23,,,1875,1837.664063
1,22900,KELP,2032,23,,,,,2033,1,2034,4,2036,23,2032.5,0
1,23000,RAINFOREST_RESIN,9992,28,,,,,9998,3,10008,28,,,9995,295
1,23000,SQUID_INK,1878,1,1876,21,,,1879,21,,,,,1878.5,1948.210938
1,23000,KELP,2035,1,2032,21,,,2036,21,,,,,2035.5,0
1,23100,KELP,2033,7,2032,28,,,2036,28,,,,,2034.5,0
1,23100,RAINFOREST_RESIN,9992,26,,,,,10008,26,,,,,10000,301
1,23100,SQUID_INK,1876,35,,,,,1879,28,,,,,1877.5,1927.765625
1,23200,SQUID_INK,1876,26,,,,,1879,25,,,,,1877.5,1939.125
1,23200,KELP,2033,1,2032,25,,,2036,25,,,,,2034.5,0
1,23200,RAINFOREST_RESIN,9992,29,,,,,10008,29,,,,,10000,301
1,23300,RAINFOREST_RESIN,9992,35,,,,,10008,35,,,,,10000,301
1,23300,SQUID_INK,1878,23,,,,,1881,23,,,,,1879.5,2045.898438
1,23300,KELP,2032,23,,,,,2036,23,,,,,2034,0
1,23400,RAINFOREST_RESIN,10002,3,9992,25,,,10008,25,,,,,10005,301
1,23400,SQUID_INK,1879,30,,,,,1882,30,,,,,1880.5,2088.476563
1,23400,KELP,2033,1,2032,29,,,2036,30,,,,,2034.5,0
1,23500,KELP,2033,3,2032,31,,,2036,31,,,,,2034.5,0
1,23500,RAINFOREST_RESIN,10002,5,9992,29,,,10008,29,,,,,10005,307
1,23500,SQUID_INK,1879,3,1878,31,,,1881,1,1882,30,,,1880,2057.359375
1,23600,SQUID_INK,1878,26,,,,,1881,2,1882,25,,,1879.5,2055.3125
1,23600,KELP,2032,27,,,,,2033,1,2036,27,,,2032.5,0
1,23600,RAINFOREST_RESIN,9997,5,9992,34,,,10008,34,,,,,10002.5,317
1,23700,RAINFOREST_RESIN,10001,1,9992,28,,,10003,8,10008,28,,,10002,317
1,23700,SQUID_INK,1881,1,1879,21,,,1882,21,,,,,1881.5,2079.882813
1,23700,KELP,2034,1,2032,21,,,2035,1,2036,20,,,2034.5,0
1,23800,RAINFOREST_RESIN,9992,32,,,,,10008,32,,,,,10000,317
1,23800,SQUID_INK,1879,22,,,,,1882,22,,,,,1880.5,2103.257813
1,23800,KELP,2032,22,,,,,2036,22,,,,,2034,0
1,23900,KELP,2032,27,,,,,2036,27,,,,,2034,0
1,23900,RAINFOREST_RESIN,9992,34,,,,,9999,1,10008,34,,,9995.5,317
1,23900,SQUID_INK,1879,27,,,,,1883,27,,,,,1881,2106.1875
1,24000,SQUID_INK,1877,35,,,,,1880,29,,,,,1878.5,1992.257813
1,24000,KELP,2033,6,2032,29,,,2036,29,,,,,2034.5,0
1,24000,RAINFOREST_RESIN,10001,1,9992,29,,,10008,29,,,,,10004.5,317
1,24100,RAINFOREST_RESIN,9992,33,,,,,10008,33,,,,,10000,317
1,24100,SQUID_INK,1876,22,,,,,1880,22,,,,,1878,1959.046875
1,24100,KELP,2032,22,,,,,2036,22,,,,,2034,0
1,24200,RAINFOREST_RESIN,9992,29,,,,,10003,4,10008,29,,,9997.5,317
1,24200,SQUID_INK,1874,24,,,,,1875,8,1877,24,,,1874.5,1820.804688
1,24200,KELP,2032,24,,,,,2034,8,2036,24,,,2033,0
1,24300,KELP,2032,26,,,,,2034,5,2036,27,,,2033,0
1,24300,RAINFOREST_RESIN,9992,25,,,,,10008,25,,,,,10000,317
1,24300,SQUID_INK,1874,27,,,,,1875,1,1876,5,1878,27,1874.5,1860.179688
1,24400,SQUID_INK,1876,8,1875,29,,,1878,29,,,,,1877,1901.25
1,24400,KELP,2033,8,2032,29,,,2036,29,,,,,2034.5,0
1,24400,RAINFOREST_RESIN,9992,35,,,,,10008,35,,,,,10000,317
1,24500,RAINFOREST_RESIN,9992,33,,,,,10008,33,,,,,10000,317
1,24500,SQUID_INK,1876,26,,,,,1879,26,,,,,1877.5,1925.195313
1,24500,KELP,2032,26,,,,,2036,26,,,,,2034,0
1,24600,RAINFOREST_RESIN,9992,32,,,,,10008,32,,,,,10000,317
1,24600,SQUID_INK,1877,24,,,,,1880,24,,,,,1878.5,1993.109375
1,24600,KELP,2032,24,,,,,2036,24,,,,,2034,0
1,24700,KELP,2033,22,,,,,2036,22,,,,,2034.5,0
1,24700,RAINFOREST_RESIN,9992,29,,,,,10008,29,,,,,10000,317
1,24700,SQUID_INK,1878,22,,,,,1881,22,,,,,1879.5,2032.8125
1,24800,SQUID_INK,1878,28,,,,,1882,28,,,,,1880,2054.820313
1,24800,KELP,2033,28,,,,,2036,28,,,,,2034.5,0
1,24800,RAINFOREST_RESIN,9997,2,9992,27,,,10008,27,,,,,10002.5,317
1,24900,RAINFOREST_RESIN,9992,29,,,,,10003,3,10008,29,,,9997.5,317
1,24900,SQUID_INK,1879,24,,,,,1883,24,,,,,1881,2115.203125
1,24900,KELP,2032,24,,,,,2036,24,,,,,2034,0
1,25000,RAINFOREST_RESIN,10001,1,9992,31,,,10008,31,,,,,10004.5,317
1,25000,SQUID_INK,1877,28,,,,,1881,28,,,,,1879,2008.40625
1,25000,KELP,2033,1,2032,27,,,2036,28,,,,,2034.5,0
1,25100,KELP,2033,27,,,,,2036,27,,,,,2034.5,0
1,25100,RAINFOREST_RESIN,9992,32,,,,,10008,32,,,,,10000,317
1,25100,SQUID_INK,1877,27,,,,,1880,27,,,,,1878.5,1993.234375
1,25200,SQUID_INK,1876,32,,,,,1877,4,1879,26,,,1876.5,1941.507813
1,25200,KELP,2033,32,,,,,2034,4,2036,26,,,2033.5,0
1,25200,RAINFOREST_RESIN,9992,26,,,,,10008,26,,,,,10000,317
1,25300,RAINFOREST_RESIN,9992,31,,,,,10008,31,,,,,10000,317
1,25300,SQUID_INK,1877,22,,,,,1880,22,,,,,1878.5,1983.921875
1,25300,KELP,2033,22,,,,,2036,22,,,,,2034.5,0
1,25400,RAINFOREST_RESIN,9992,25,,,,,10008,25,,,,,10000,317
1,25400,SQUID_INK,1876,29,,,,,1879,29,,,,,1877.5,1934.3125
1,25400,KELP,2033,29,,,,,2036,29,,,,,2034.5,0
1,25500,KELP,2033,24,,,,,2035,6,2036,24,,,2034,0
1,25500,RAINFOREST_RESIN,9992,30,,,,,10008,30,,,,,10000,317
1,25500,SQUID_INK,1876,1,1875,23,,,1877,6,1879,24,,,1876.5,1915.546875
1,25600,SQUID_INK,1874,24,,,,,1876,6,1877,24,,,1875,1832.085938
1,25600,KELP,2033,24,,,,,2035,6,2036,24,,,2034,0
1,25600,RAINFOREST_RESIN,9997,5,9992,29,,,10008,29,,,,,10002.5,317
1,25700,RAINFOREST_RESIN,9992,28,,,,,10008,28,,,,,10000,317
1,25700,SQUID_INK,1874,25,,,,,1877,25,,,,,1875.5,1846.34375
1,25700,KELP,2033,25,,,,,2036,25,,,,,2034.5,0
1,25800,RAINFOREST_RESIN,10001,1,9992,29,,,10008,29,,,,,10004.5,317
1,25800,SQUID_INK,1873,29,,,,,1876,29,,,,,1874.5,1786.335938
1,25800,KELP,2033,2,2032,27,,,2036,29,,,,,2034.5,0
1,25900,KELP,2033,29,,,,,2036,29,,,,,2034.5,0
1,25900,RAINFOREST_RESIN,9992,34,,,,,10008,34,,,,,10000,317
1,25900,SQUID_INK,1872,29,,,,,1875,2,1876,27,,,1873.5,1754.734375
1,26000,SQUID_INK,1874,1,1872,27,,,1875,27,,,,,1874.5,1723.648438
1,26000,RAINFOREST_RESIN,9992,28,,,,,10003,4,10008,28,,,9997.5,317
1,26000,KELP,2035,1,2033,27,,,2036,27,,,,,2035.5,0
1,26100,SQUID_INK,1874,1,1872,27,,,1875,25,,,,,1874.5,1733.4375
1,26100,KELP,2035,1,2033,27,,,2036,25,,,,,2035.5,0
1,26100,RAINFOREST_RESIN,9992,28,,,,,10008,28,,,,,10000,317
1,26200,SQUID_INK,1870,29,,,,,1873,2,1874,27,,,1871.5,1657.671875
1,26200,RAINFOREST_RESIN,9992,35,,,,,10003,2,10008,35,,,9997.5,317
1,26200,KELP,2033,29,,,,,2036,29,,,,,2034.5,0
1,26300,KELP,2033,25,,,,,2036,26,,,,,2034.5,0
1,26300,SQUID_INK,1869,25,,,,,1872,26,,,,,1870.5,1602.6875
1,26300,RAINFOREST_RESIN,10002,5,9992,31,,,10008,31,,,,,10005,317
1,26400,RAINFOREST_RESIN,9992,35,,,,,10008,35,,,,,10000,327
1,26400,KELP,2033,27,,,,,2036,27,,,,,2034.5,0
1,26400,SQUID_INK,1868,27,,,,,1872,27,,,,,1870,1556.695313
1,26500,KELP,2033,22,,,,,2036,22,,,,,2034.5,0
1,26500,SQUID_INK,1869,22,,,,,1872,22,,,,,1870.5,1587.953125
1,26500,RAINFOREST_RESIN,9992,26,,,,,10008,26,,,,,10000,327
1,26600,SQUID_INK,1870,31,,,,,1873,31,,,,,1871.5,1644.96875
1,26600,RAINFOREST_RESIN,9992,29,,,,,10008,29,,,,,10000,327
1,26600,KELP,2033,31,,,,,2036,31,,,,,2034.5,0
1,26700,KELP,2035,1,2033,34,,,2036,26,,,,,2035.5,0
1,26700,SQUID_INK,1872,1,1871,8,1870,26,1873,26,,,,,1872.5,1647.734375
1,26700,RAINFOREST_RESIN,9992,31,,,,,10008,31,,,,,10000,327
1,26800,RAINFOREST_RESIN,9992,26,,,,,10008,26,,,,,10000,327
1,26800,KELP,2033,20,,,,,2036,20,,,,,2034.5,0
1,26800,SQUID_INK,1871,20,,,,,1874,20,,,,,1872.5,1681.9375
1,26900,KELP,2033,22,,,,,2036,22,,,,,2034.5,0
1,26900,SQUID_INK,1874,22,,,,,1877,22,,,,,1875.5,1821.046875
1,26900,RAINFOREST_RESIN,9992,35,,,,,10008,35,,,,,10000,327
1,27000,SQUID_INK,1874,27,,,,,1876,6,1877,27,,,1875,1829.195313
1,27000,RAINFOREST_RESIN,9992,32,,,,,10008,32,,,,,10000,327
1,27000,KELP,2033,27,,,,,2035,6,2036,27,,,2034,0
1,27100,KELP,2035,1,2033,29,,,2036,29,,,,,2035.5,0
1,27100,SQUID_INK,1876,1,1874,29,,,1877,29,,,,,1876.5,1852.09375
1,27100,RAINFOREST_RESIN,9992,26,,,,,10008,26,,,,,10000,327
1,27200,RAINFOREST_RESIN,9992,26,,,,,10008,26,,,,,10000,327
1,27200,KELP,2035,1,2033,32,,,2036,25,,,,,2035.5,0
1,27200,SQUID_INK,1874,1,1873,7,1872,25,1875,25,,,,,1874.5,1750.703125
1,27300,KELP,2033,24,,,,,2036,25,,,,,2034.5,0
1,27300,SQUID_INK,1872,24,,,,,1875,25,,,,,1873.5,1732.085938
1,27300,RAINFOREST_RESIN,10001,1,9992,28,,,10008,28,,,,,10004.5,327
1,27400,SQUID_INK,1873,6,1872,1,1871,22,1875,23,,,,,1874,1715.453125
1,27400,RAINFOREST_RESIN,9992,30,,,,,9997,9,10008,30,,,9994.5,327
1,27400,KELP,2034,6,2033,23,,,2036,23,,,,,2035,0
1,27500,SQUID_INK,1873,30,,,,,1876,30,,,,,1874.5,1768.21875
1,27500,KELP,2033,30,,,,,2037,30,,,,,2035,0
1,27500,RAINFOREST_RESIN,9992,33,,,,,9998,3,10003,5,10008,33,9995,354
1,27600,RAINFOREST_RESIN,9992,26,,,,,10008,26,,,,,10000,360
1,27600,KELP,2036,1,2034,6,2033,28,2037,28,,,,,2036.5,0
1,27600,SQUID_INK,1875,1,1873,34,,,1876,28,,,,,1875.5,1789.523438
1,27700,SQUID_INK,1873,2,1872,30,,,1876,32,,,,,1874.5,1765.671875
1,27700,KELP,2033,32,,,,,2037,32,,,,,2035,0
1,27700,RAINFOREST_RESIN,9992,25,,,,,10008,25,,,,,10000,360
1,27800,SQUID_INK,1873,27,,,,,1876,22,,,,,1874.5,1791.015625
1,27800,RAINFOREST_RESIN,9992,29,,,,,10008,29,,,,,10000,360
1,27800,KELP,2034,5,2033,22,,,2037,22,,,,,2035.5,0
1,27900,SQUID_INK,1876,29,,,,,1878,8,1879,29,,,1877,1925.265625
1,27900,KELP,2033,29,,,,,2035,8,2037,29,,,2034,0
1,27900,RAINFOREST_RESIN,9992,25,,,,,10008,25,,,,,10000,360
1,28000,RAINFOREST_RESIN,9992,30,,,,,10003,2,10008,30,,,9997.5,360
1,28000,KELP,2034,4,2033,22,,,2037,22,,,,,2035.5,0
1,28000,SQUID_INK,1876,26,,,,,1879,22,,,,,1877.5,1924.367188
1,28100,SQUID_INK,1877,21,,,,,1880,21,,,,,1878.5,1985.359375
1,28100,KELP,2033,21,,,,,2037,21,,,,,2035,0
1,28100,RAINFOREST_RESIN,10002,5,9992,35,,,10008,35,,,,,10005,360
1,28200,SQUID_INK,1874,23,,,,,1878,23,,,,,1876,1862.914063
1,28200,RAINFOREST_RESIN,9992,33,,,,,10008,33,,,,,10000,370
1,28200,KELP,2034,23,,,,,2037,23,,,,,2035.5,0
1,28300,SQUID_INK,1875,30,,,,,1879,30,,,,,1877,1908.648438
1,28300,KELP,2034,30,,,,,2037,30,,,,,2035.5,0
1,28300,RAINFOREST_RESIN,9992,28,,,,,10008,28,,,,,10000,370
1,28400,RAINFOREST_RESIN,9992,32,,,,,10008,32,,,,,10000,370
1,28400,KELP,2034,20,,,,,2037,20,,,,,2035.5,0
1,28400,SQUID_INK,1875,20,,,,,1878,20,,,,,1876.5,1895.296875
1,28500,KELP,2034,33,,,,,2037,30,,,,,2035.5,0
1,28500,SQUID_INK,1875,33,,,,,1878,30,,,,,1876.5,1885.960938
1,28500,RAINFOREST_RESIN,9992,27,,,,,10008,27,,,,,10000,370
1,28600,KELP,2034,1,2033,26,,,2035,5,2037,28,,,2034.5,0
1,28600,SQUID_INK,1876,27,,,,,1877,5,1879,28,,,1876.5,1948.414063
1,28600,RAINFOREST_RESIN,9992,30,,,,,10008,30,,,,,10000,370
1,28700,SQUID_INK,1877,23,,,,,1880,24,,,,,1878.5,1996.335938
1,28700,RAINFOREST_RESIN,9992,31,,,,,10003,5,10008,31,,,9997.5,370
1,28700,KELP,2034,1,2033,22,,,2037,24,,,,,2035.5,0
1,28800,RAINFOREST_RESIN,9992,33,,,,,10008,33,,,,,10000,370
1,28800,KELP,2033,21,,,,,2037,21,,,,,2035,0
1,28800,SQUID_INK,1877,21,,,,,1880,21,,,,,1878.5,1994.835938
1,28900,KELP,2034,1,2033,23,,,2037,23,,,,,2035.5,0
1,28900,SQUID_INK,1878,24,,,,,1881,23,,,,,1879.5,2038.726563
1,28900,RAINFOREST_RESIN,9992,29,,,,,10008,29,,,,,10000,370
1,29000,KELP,2033,26,,,,,2037,26,,,,,2035,0
1,29000,SQUID_INK,1878,26,,,,,1882,26,,,,,1880,2059.726563
1,29000,RAINFOREST_RESIN,9992,31,,,,,10008,31,,,,,10000,370
1,29100,SQUID_INK,1879,23,,,,,1882,23,,,,,1880.5,2091.570313
1,29100,RAINFOREST_RESIN,10002,5,9992,32,,,10008,32,,,,,10005,370
1,29100,KELP,2033,23,,,,,2037,23,,,,,2035,0
1,29200,RAINFOREST_RESIN,10001,1,9992,34,,,10008,34,,,,,10004.5,380
1,29200,KELP,2033,23,,,,,2037,23,,,,,2035,0
1,29200,SQUID_INK,1880,23,,,,,1883,23,,,,,1881.5,2128.203125
1,29300,KELP,2034,23,,,,,2037,23,,,,,2035.5,0
1,29300,SQUID_INK,1879,23,,,,,1882,23,,,,,1880.5,2069.171875
1,29300,RAINFOREST_RESIN,9992,25,,,,,10008,25,,,,,10000,380
1,29400,KELP,2034,25,,,,,2037,25,,,,,2035.5,0
1,29400,SQUID_INK,1880,25,,,,,1883,25,,,,,1881.5,2121.375
1,29400,RAINFOREST_RESIN,9992,34,,,,,10008,34,,,,,10000,380
1,29500,SQUID_INK,1880,19,,,,,1883,20,,,,,1881.5,2138.796875
1,29500,RAINFOREST_RESIN,9992,30,,,,,10003,8,10008,30,,,9997.5,380
1,29500,KELP,2034,19,,,,,2037,20,,,,,2035.5,0
1,29600,RAINFOREST_RESIN,9992,29,,,,,10008,29,,,,,10000,380
1,29600,KELP,2034,27,,,,,2035,4,2037,27,,,2034.5,0
1,29600,SQUID_INK,1880,27,,,,,1881,4,1883,27,,,1880.5,2142.109375
1,29700,KELP,2034,23,,,,,2036,8,2037,23,,,2035,0
1,29700,SQUID_INK,1880,1,1879,22,,,1881,8,1883,23,,,1880.5,2116.429688
1,29700,RAINFOREST_RESIN,10001,1,9992,27,,,10008,27,,,,,10004.5,380
1,29800,KELP,2036,1,2034,4,2033,25,2037,25,,,,,2036.5,0
1,29800,SQUID_INK,1882,1,1880,29,,,1883,25,,,,,1882.5,2139.078125
1,29800,RAINFOREST_RESIN,9992,30,,,,,10008,30,,,,,10000,380
1,29900,SQUID_INK,1880,32,,,,,1883,2,1884,30,,,1881.5,2155.890625
1,29900,RAINFOREST_RESIN,9992,34,,,,,10008,34,,,,,10000,380
1,29900,KELP,2034,32,,,,,2037,32,,,,,2035.5,0
1,30000,RAINFOREST_RESIN,9992,32,,,,,9998,3,10008,32,,,9995,380
1,30000,KELP,2034,6,2033,23,,,2037,25,,,,,2035.5,0
1,30000,SQUID_INK,1881,29,,,,,1884,25,,,,,1882.5,2173.398438
1,30100,KELP,2034,1,2033,20,,,2037,21,,,,,2035.5,0
1,30100,SQUID_INK,1882,21,,,,,1885,21,,,,,1883.5,2224.898438
1,30100,RAINFOREST_RESIN,9992,35,,,,,10008,35,,,,,10000,386
1,30200,KELP,2034,30,,,,,2037,30,,,,,2035.5,0
1,30200,SQUID_INK,1881,30,,,,,1884,30,,,,,1882.5,2179.75
1,30200,RAINFOREST_RESIN,9992,29,,,,,10008,29,,,,,10000,386
1,30300,SQUID_INK,1882,2,1881,29,,,1883,1,1885,31,,,1882.5,2214.421875
1,30300,RAINFOREST_RESIN,9992,30,,,,,10008,30,,,,,10000,386
1,30300,KELP,2034,31,,,,,2036,1,2037,31,,,2035,0
1,30400,RAINFOREST_RESIN,9992,30,,,,,10008,30,,,,,10000,386
1,30400,KELP,2035,5,2034,30,,,2036,3,2037,30,,,2035.5,0
1,30400,SQUID_INK,1884,2,1882,30,,,1885,30,,,,,1884.5,2237.773438
1,30500,KELP,2034,35,,,,,2037,30,,,,,2035.5,0
1,30500,SQUID_INK,1882,7,1881,28,,,1885,30,,,,,1883.5,2214.5625
1,30500,RAINFOREST_RESIN,9992,33,,,,,10008,33,,,,,10000,386
1,30600,KELP,2034,32,,,,,2036,7,2037,32,,,2035,0
1,30600,SQUID_INK,1882,32,,,,,1884,7,1885,32,,,1883,2232.46875
1,30600,RAINFOREST_RESIN,9992,34,,,,,10008,34,,,,,10000,386
1,30700,SQUID_INK,1882,29,,,,,1885,29,,,,,1883.5,2238.40625
1,30700,RAINFOREST_RESIN,10000,2,9992,32,,,10008,32,,,,,10004,386
1,30700,KELP,2034,29,,,,,2037,29,,,,,2035.5,0
1,30800,RAINFOREST_RESIN,9997,7,9992,26,,,10008,26,,,,,10002.5,386
1,30800,KELP,2034,31,,,,,2037,31,,,,,2035.5,0
1,30800,SQUID_INK,1881,31,,,,,1884,31,,,,,1882.5,2191.484375
1,30900,KELP,2034,21,,,,,2036,7,2037,21,,,2035,0
1,30900,RAINFOREST_RESIN,9997,8,9992,29,,,10008,29,,,,,10002.5,386
1,30900,SQUID_INK,1881,21,,,,,1883,7,1884,21,,,1882,2178.398438
1,31000,KELP,2036,6,2034,28,,,2037,28,,,,,2036.5,0
1,31000,SQUID_INK,1883,6,1881,28,,,1884,28,,,,,1883.5,2189.34375
1,31000,RAINFOREST_RESIN,9992,27,,,,,10008,27,,,,,10000,386
1,31100,RAINFOREST_RESIN,9992,28,,,,,10008,28,,,,,10000,386
1,31100,SQUID_INK,1881,14,,,,,1884,23,,,,,1882.5,2168.257813
1,31100,KELP,2034,14,,,,,2037,23,,,,,2035.5,0
1,31200,RAINFOREST_RESIN,9992,26,,,,,10008,26,,,,,10000,386
1,31200,KELP,2034,21,,,,,2036,8,2037,22,,,2035,0
1,31200,SQUID_INK,1881,21,,,,,1882,8,1884,22,,,1881.5,2170.773438
1,31300,KELP,2034,22,,,,,2037,22,,,,,2035.5,0
1,31300,RAINFOREST_RESIN,9992,30,,,,,10008,30,,,,,10000,386
1,31300,SQUID_INK,1881,22,,,,,1884,22,,,,,1882.5,2173.953125
1,31400,KELP,2034,22,,,,,2037,22,,,,,2035.5,0
1,31400,SQUID_INK,1881,22,,,,,1884,22,,,,,1882.5,2200
1,31400,RAINFOREST_RESIN,9992,32,,,,,10008,32,,,,,10000,386
1,31500,RAINFOREST_RESIN,9992,25,,,,,9998,5,10008,25,,,9995,386
1,31500,SQUID_INK,1881,22,,,,,1885,22,,,,,1883,2209.859375
1,31500,KELP,2034,22,,,,,2037,22,,,,,2035.5,0
1,31600,RAINFOREST_RESIN,9992,28,,,,,10008,28,,,,,10000,396
1,31600,KELP,2034,24,,,,,2037,24,,,,,2035.5,0
1,31600,SQUID_INK,1882,24,,,,,1885,24,,,,,1883.5,2242.304688
1,31700,KELP,2034,29,,,,,2038,29,,,,,2036,0
1,31700,RAINFOREST_RESIN,9997,8,9992,26,,,10008,26,,,,,10002.5,396
1,31700,SQUID_INK,1883,29,,,,,1886,29,,,,,1884.5,2295.179688
1,31800,KELP,2036,2,2034,24,,,2037,2,2038,22,,,2036.5,0
1,31800,SQUID_INK,1884,2,1882,24,,,1885,2,1886,22,,,1884.5,2253.90625
1,31800,RAINFOREST_RESIN,9992,30,,,,,10008,30,,,,,10000,396
1,31900,RAINFOREST_RESIN,9992,33,,,,,10008,33,,,,,10000,396
1,31900,SQUID_INK,1882,34,,,,,1885,28,,,,,1883.5,2244.117188
1,31900,KELP,2034,34,,,,,2037,28,,,,,2035.5,0
1,32000,RAINFOREST_RESIN,9992,28,,,,,10008,28,,,,,10000,396
1,32000,SQUID_INK,1883,22,,,,,1886,22,,,,,1884.5,2283.921875
1,32000,KELP,2034,22,,,,,2037,22,,,,,2035.5,0
1,32100,KELP,2034,25,,,,,2038,25,,,,,2036,0
1,32100,RAINFOREST_RESIN,9992,25,,,,,10008,25,,,,,10000,396
1,32100,SQUID_INK,1883,25,,,,,1887,25,,,,,1885,2309.796875
1,32200,SQUID_INK,1885,25,,,,,1888,1,1889,24,,,1886.5,2407.695313
1,32200,KELP,2034,25,,,,,2037,1,2038,24,,,2035.5,0
1,32200,RAINFOREST_RESIN,9992,31,,,,,10008,31,,,,,10000,396
1,32300,RAINFOREST_RESIN,9992,30,,,,,10008,30,,,,,10000,396
1,32300,SQUID_INK,1885,3,1884,32,,,1887,2,1888,30,,,1886,2353.75
1,32300,KELP,2035,3,2034,32,,,2037,32,,,,,2036,0
1,32400,RAINFOREST_RESIN,9992,31,,,,,10008,31,,,,,10000,396
1,32400,SQUID_INK,1884,29,,,,,1887,29,,,,,1885.5,2341.171875
1,32400,KELP,2034,29,,,,,2037,29,,,,,2035.5,0
1,32500,KELP,2035,1,2034,26,,,2038,26,,,,,2036.5,0
1,32500,RAINFOREST_RESIN,10001,1,9992,33,,,10008,33,,,,,10004.5,396
1,32500,SQUID_INK,1883,27,,,,,1886,26,,,,,1884.5,2296.046875
1,32600,SQUID_INK,1883,28,,,,,1886,28,,,,,1884.5,2296.070313
1,32600,KELP,2034,28,,,,,2038,28,,,,,2036,0
1,32600,RAINFOREST_RESIN,10000,5,9992,35,,,10008,35,,,,,10004,396
1,32700,RAINFOREST_RESIN,9997,6,9992,29,,,10008,29,,,,,10002.5,396
1,32700,SQUID_INK,1883,32,,,,,1886,32,,,,,1884.5,2285.90625
1,32700,KELP,2034,32,,,,,2038,32,,,,,2036,0
1,32800,RAINFOREST_RESIN,9992,31,,,,,10008,31,,,,,10000,396
1,32800,SQUID_INK,1882,29,,,,,1886,29,,,,,1884,2258.898438
1,32800,KELP,2034,29,,,,,2038,29,,,,,2036,0
1,32900,KELP,2034,21,,,,,2038,21,,,,,2036,0
1,32900,RAINFOREST_RESIN,9997,3,9992,27,,,10008,27,,,,,10002.5,396
1,32900,SQUID_INK,1882,21,,,,,1885,21,,,,,1883.5,2241.851563
1,33000,SQUID_INK,1882,28,,,,,1884,4,1885,28,,,1883,2236.921875
1,33000,KELP,2034,28,,,,,2036,4,2038,28,,,2035,0
1,33000,RAINFOREST_RESIN,9992,35,,,,,10008,35,,,,,10000,396
1,33100,RAINFOREST_RESIN,9992,33,,,,,10008,33,,,,,10000,396
1,33100,SQUID_INK,1882,26,,,,,1885,26,,,,,1883.5,2241.5625
1,33100,KELP,2034,26,,,,,2037,1,2038,25,,,2035.5,0
1,33200,RAINFOREST_RESIN,9992,28,,,,,10008,28,,,,,10000,396
1,33200,SQUID_INK,1883,24,,,,,1885,5,1886,24,,,1884,2280.03125
1,33200,KELP,2034,24,,,,,2036,5,2037,1,2038,23,2035,0
1,33300,KELP,2034,31,,,,,2037,31,,,,,2035.5,0
1,33300,RAINFOREST_RESIN,9992,28,,,,,10008,28,,,,,10000,396
1,33300,SQUID_INK,1883,31,,,,,1886,31,,,,,1884.5,2269.234375
1,33400,SQUID_INK,1883,20,,,,,1885,2,1886,20,,,1884,2300.039063
1,33400,KELP,2034,20,,,,,2036,2,2038,20,,,2035,0
1,33400,RAINFOREST_RESIN,10000,2,9992,29,,,10008,29,,,,,10004,396
1,33500,RAINFOREST_RESIN,9992,34,,,,,10008,34,,,,,10000,396
1,33500,SQUID_INK,1884,23,,,,,1887,23,,,,,1885.5,2333.523438
1,33500,KELP,2034,23,,,,,2037,2,2038,21,,,2035.5,0
1,33600,RAINFOREST_RESIN,9992,32,,,,,10008,32,,,,,10000,396
1,33600,SQUID_INK,1884,27,,,,,1887,27,,,,,1885.5,2322.429688
1,33600,KELP,2034,27,,,,,2038,27,,,,,2036,0
1,33700,KELP,2034,26,,,,,2036,6,2037,1,2038,25,2035,0
1,33700,RAINFOREST_RESIN,9992,33,,,,,10008,33,,,,,10000,396
1,33700,SQUID_INK,1883,26,,,,,1885,6,1886,26,,,1884,2285.515625
1,33800,SQUID_INK,1882,21,,,,,1885,21,,,,,1883.5,2245.796875
1,33800,KELP,2034,21,,,,,2038,21,,,,,2036,0
1,33800,RAINFOREST_RESIN,9992,34,,,,,10003,8,10008,34,,,9997.5,396
1,33900,RAINFOREST_RESIN,9992,31,,,,,10008,31,,,,,10000,396
1,33900,SQUID_INK,1883,1,1882,27,,,1886,28,,,,,1884.5,2262.859375
1,33900,KELP,2034,28,,,,,2037,1,2038,27,,,2035.5,0
1,34000,RAINFOREST_RESIN,9992,28,,,,,10008,28,,,,,10000,396
1,34000,SQUID_INK,1886,1,1884,30,,,1887,30,,,,,1886.5,2349.945313
1,34000,KELP,2036,1,2034,30,,,2038,30,,,,,2037,0
1,34100,KELP,2034,27,,,,,2038,27,,,,,2036,0
1,34100,RAINFOREST_RESIN,9992,32,,,,,10008,32,,,,,10000,396
1,34100,SQUID_INK,1884,27,,,,,1887,27,,,,,1885.5,2344.828125
1,34200,SQUID_INK,1883,32,,,,,1886,32,,,,,1884.5,2282.570313
1,34200,KELP,2034,32,,,,,2038,32,,,,,2036,0
1,34200,RAINFOREST_RESIN,9992,26,,,,,10008,26,,,,,10000,396
1,34300,RAINFOREST_RESIN,9992,34,,,,,10008,34,,,,,10000,396
1,34300,SQUID_INK,1884,28,,,,,1887,29,,,,,1885.5,2349.515625
1,34300,KELP,2034,28,,,,,2037,1,2038,28,,,2035.5,0
1,34400,RAINFOREST_RESIN,9992,31,,,,,10008,31,,,,,10000,396
1,34400,SQUID_INK,1884,30,,,,,1887,30,,,,,1885.5,2327.226563
1,34400,KELP,2034,30,,,,,2037,30,,,,,2035.5,0
1,34500,KELP,2034,24,,,,,2037,24,,,,,2035.5,0
1,34500,RAINFOREST_RESIN,9992,31,,,,,9998,3,10008,31,,,9995,396
1,34500,SQUID_INK,1884,24,,,,,1887,24,,,,,1885.5,2334.0625
1,34600,SQUID_INK,1884,24,,,,,1888,24,,,,,1886,2364.609375
1,34600,KELP,2034,24,,,,,2038,24,,,,,2036,0
1,34600,RAINFOREST_RESIN,9992,29,,,,,10003,3,10008,29,,,9997.5,402
1,34700,SQUID_INK,1886,9,1885,23,,,1889,25,,,,,1887.5,2415.117188
1,34700,KELP,2034,32,,,,,2037,25,,,,,2035.5,0
1,34700,RAINFOREST_RESIN,9992,33,,,,,10008,33,,,,,10000,402
1,34800,SQUID_INK,1886,14,,,,,1889,24,,,,,1887.5,2434.0625
1,34800,RAINFOREST_RESIN,9992,31,,,,,10008,31,,,,,10000,402
1,34800,KELP,2034,14,,,,,2037,24,,,,,2035.5,0
1,34900,KELP,2034,24,,,,,2037,24,,,,,2035.5,0
1,34900,RAINFOREST_RESIN,9992,33,,,,,10008,33,,,,,10000,402
1,34900,SQUID_INK,1886,24,,,,,1889,24,,,,,1887.5,2440.882813
1,35000,SQUID_INK,1887,29,,,,,1890,29,,,,,1888.5,2489.117188
1,35000,RAINFOREST_RESIN,9992,35,,,,,10008,35,,,,,10000,402
1,35000,KELP,2034,29,,,,,2037,29,,,,,2035.5,0
1,35100,SQUID_INK,1887,23,,,,,1890,23,,,,,1888.5,2480.296875
1,35100,KELP,2034,23,,,,,2037,23,,,,,2035.5,0
1,35100,RAINFOREST_RESIN,9992,25,,,,,9998,5,10008,25,,,9995,402
1,35200,SQUID_INK,1887,24,,,,,1889,3,1890,24,,,1888,2487.382813
1,35200,RAINFOREST_RESIN,10001,1,9992,27,,,10008,27,,,,,10004.5,412
1,35200,KELP,2034,24,,,,,2036,3,2037,24,,,2035,0
1,35300,KELP,2034,31,,,,,2037,23,,,,,2035.5,0
1,35300,SQUID_INK,1886,31,,,,,1889,23,,,,,1887.5,2432.804688
1,35300,RAINFOREST_RESIN,9992,31,,,,,10008,31,,,,,10000,412
1,35400,RAINFOREST_RESIN,9992,28,,,,,10008,28,,,,,10000,412
1,35400,KELP,2034,27,,,,,2037,27,,,,,2035.5,0
1,35400,SQUID_INK,1886,27,,,,,1889,27,,,,,1887.5,2436.359375
1,35500,KELP,2034,29,,,,,2037,29,,,,,2035.5,0
1,35500,SQUID_INK,1883,29,,,,,1886,29,,,,,1884.5,2267.5625
1,35500,RAINFOREST_RESIN,9992,32,,,,,10008,32,,,,,10000,412
1,35600,SQUID_INK,1882,24,,,,,1885,24,,,,,1883.5,2228.320313
1,35600,RAINFOREST_RESIN,9997,2,9992,32,,,10008,32,,,,,10002.5,412
1,35600,KELP,2034,24,,,,,2037,24,,,,,2035.5,0
1,35700,KELP,2034,31,,,,,2037,31,,,,,2035.5,0
1,35700,SQUID_INK,1882,31,,,,,1886,31,,,,,1884,2261.007813
1,35700,RAINFOREST_RESIN,10002,3,9992,25,,,10008,25,,,,,10005,412
1,35800,RAINFOREST_RESIN,9997,5,9992,28,,,10008,28,,,,,10002.5,418
1,35800,KELP,2034,29,,,,,2037,23,,,,,2035.5,0
1,35800,SQUID_INK,1884,29,,,,,1887,23,,,,,1885.5,2325.5625
1,35900,KELP,2034,30,,,,,2037,30,,,,,2035.5,0
1,35900,SQUID_INK,1882,30,,,,,1885,30,,,,,1883.5,2252.921875
1,35900,RAINFOREST_RESIN,10001,1,9992,32,,,10008,32,,,,,10004.5,418
1,36000,SQUID_INK,1881,30,,,,,1882,2,1883,2,1884,30,1881.5,2193.414063
1,36000,RAINFOREST_RESIN,9992,34,,,,,10008,34,,,,,10000,418
1,36000,KELP,2034,30,,,,,2035,2,2036,2,2037,30,2034.5,0
1,36100,KELP,2034,23,,,,,2036,6,2037,23,,,2035,0
1,36100,SQUID_INK,1881,23,,,,,1883,6,1884,23,,,1882,2176.007813
1,36100,RAINFOREST_RESIN,9992,30,,,,,9999,1,10008,30,,,9995.5,418
1,36200,RAINFOREST_RESIN,9992,26,,,,,10008,26,,,,,10000,418
1,36200,KELP,2034,30,,,,,2037,30,,,,,2035.5,0
1,36200,SQUID_INK,1882,30,,,,,1885,30,,,,,1883.5,2246.492188
1,36300,SQUID_INK,1885,31,,,,,1888,31,,,,,1886.5,2368.929688
1,36300,KELP,2034,31,,,,,2037,31,,,,,2035.5,0
1,36300,RAINFOREST_RESIN,9992,26,,,,,9998,3,10008,26,,,9995,418
1,36400,SQUID_INK,1885,30,,,,,1888,29,,,,,1886.5,2378.429688
1,36400,RAINFOREST_RESIN,10001,1,9992,28,,,10008,28,,,,,10004.5,424
1,36400,KELP,2034,30,,,,,2037,29,,,,,2035.5,0
1,36500,SQUID_INK,1886,28,,,,,1889,29,,,,,1887.5,2423.289063
1,36500,KELP,2034,28,,,,,2037,29,,,,,2035.5,0
1,36500,RAINFOREST_RESIN,9992,29,,,,,10008,29,,,,,10000,424
1,36600,RAINFOREST_RESIN,9992,31,,,,,9998,4,10008,31,,,9995,424
1,36600,KELP,2034,31,,,,,2035,2,2037,31,,,2034.5,0
1,36600,SQUID_INK,1887,31,,,,,1888,2,1890,31,,,1887.5,2470.53125
1,36700,SQUID_INK,1888,22,,,,,1891,22,,,,,1889.5,2518.9375
1,36700,KELP,2034,22,,,,,2037,22,,,,,2035.5,0
1,36700,RAINFOREST_RESIN,9997,8,9992,34,,,10008,34,,,,,10002.5,432
1,36800,SQUID_INK,1886,25,,,,,1889,25,,,,,1887.5,2453.203125
1,36800,RAINFOREST_RESIN,9992,26,,,,,10008,26,,,,,10000,432
1,36800,KELP,2034,25,,,,,2037,25,,,,,2035.5,0
1,36900,SQUID_INK,1887,22,,,,,1890,22,,,,,1888.5,2494.90625
1,36900,KELP,2034,22,,,,,2037,22,,,,,2035.5,0
1,36900,RAINFOREST_RESIN,9992,33,,,,,10008,33,,,,,10000,432
1,37000,RAINFOREST_RESIN,9992,33,,,,,10008,33,,,,,10000,432
1,37000,KELP,2034,22,,,,,2037,22,,,,,2035.5,0
1,37000,SQUID_INK,1887,22,,,,,1890,22,,,,,1888.5,2500.0625
1,37100,SQUID_INK,1889,5,1888,24,,,1891,24,,,,,1890,2525.734375
1,37100,KELP,2035,5,2033,24,,,2037,24,,,,,2036,0
1,37100,RAINFOREST_RESIN,9992,33,,,,,10008,33,,,,,10000,432
1,37200,SQUID_INK,1887,29,,,,,1890,29,,,,,1888.5,2488.125
1,37200,RAINFOREST_RESIN,9992,29,,,,,10008,29,,,,,10000,432
1,37200,KELP,2034,2,2033,27,,,2037,29,,,,,2035.5,0
1,37300,SQUID_INK,1886,23,,,,,1888,4,1889,23,,,1887,2427.890625
1,37300,KELP,2033,23,,,,,2035,4,2037,23,,,2034,0
1,37300,RAINFOREST_RESIN,9992,30,,,,,10008,30,,,,,10000,432
1,37400,RAINFOREST_RESIN,9992,28,,,,,10008,28,,,,,10000,432
1,37400,KELP,2034,4,2033,22,,,2037,22,,,,,2035.5,0
1,37400,SQUID_INK,1886,4,1885,22,,,1889,22,,,,,1887.5,2409.828125
1,37500,KELP,2035,5,2033,31,,,2037,31,,,,,2036,0
1,37500,SQUID_INK,1888,5,1887,31,,,1890,1,1891,30,,,1889,2504.351563
1,37500,RAINFOREST_RESIN,9992,32,,,,,10003,3,10008,32,,,9997.5,432
1,37600,KELP,2033,25,,,,,2035,5,2037,25,,,2034,0
1,37600,SQUID_INK,1887,25,,,,,1889,5,1890,1,1891,24,1888,2505.765625
1,37600,RAINFOREST_RESIN,10001,1,9992,33,,,10008,33,,,,,10004.5,432
1,37700,SQUID_INK,1885,20,,,,,1888,20,,,,,1886.5,2380.453125
1,37700,RAINFOREST_RESIN,9992,31,,,,,10000,5,10008,31,,,9996,432
1,37700,KELP,2033,20,,,,,2037,20,,,,,2035,0
1,37800,RAINFOREST_RESIN,9992,30,,,,,9998,4,10008,30,,,9995,432
1,37800,KELP,2034,25,,,,,2037,25,,,,,2035.5,0
1,37800,SQUID_INK,1884,25,,,,,1888,25,,,,,1886,2358.304688
1,37900,KELP,2034,2,2033,27,,,2037,29,,,,,2035.5,0
1,37900,SQUID_INK,1883,29,,,,,1886,29,,,,,1884.5,2274.617188
1,37900,RAINFOREST_RESIN,10001,1,9992,29,,,10008,29,,,,,10004.5,432
1,38000,KELP,2034,30,,,,,2037,30,,,,,2035.5,0
1,38000,SQUID_INK,1883,30,,,,,1886,30,,,,,1884.5,2293.304688
1,38000,RAINFOREST_RESIN,9992,32,,,,,10008,32,,,,,10000,432
1,38100,SQUID_INK,1882,29,,,,,1884,4,1885,1,1886,28,1883,2256.210938
1,38100,RAINFOREST_RESIN,9992,28,,,,,9999,1,10008,28,,,9995.5,432
1,38100,KELP,2034,29,,,,,2036,4,2037,29,,,2035,0
1,38200,RAINFOREST_RESIN,9992,34,,,,,10008,34,,,,,10000,432
1,38200,KELP,2034,31,,,,,2037,31,,,,,2035.5,0
1,38200,SQUID_INK,1884,31,,,,,1887,31,,,,,1885.5,2339.773438
1,38300,KELP,2034,27,,,,,2037,22,,,,,2035.5,0
1,38300,SQUID_INK,1883,27,,,,,1886,22,,,,,1884.5,2290.804688
1,38300,RAINFOREST_RESIN,9992,32,,,,,10008,32,,,,,10000,432
1,38400,KELP,2033,31,,,,,2034,4,2037,31,,,2033.5,0
1,38400,SQUID_INK,1882,27,,,,,1885,31,,,,,1883.5,2229.007813
1,38400,RAINFOREST_RESIN,9992,29,,,,,10008,29,,,,,10000,432
1,38500,SQUID_INK,1882,24,,,,,1885,24,,,,,1883.5,2241.289063
1,38500,RAINFOREST_RESIN,9992,30,,,,,10008,30,,,,,10000,432
1,38500,KELP,2033,24,,,,,2037,24,,,,,2035,0
1,38600,RAINFOREST_RESIN,9992,25,,,,,10008,25,,,,,10000,432
1,38600,KELP,2033,31,,,,,2037,31,,,,,2035,0
1,38600,SQUID_INK,1883,31,,,,,1886,31,,,,,1884.5,2278.398438
1,38700,KELP,2034,1,2033,20,,,2037,22,,,,,2035.5,0
1,38700,SQUID_INK,1884,21,,,,,1887,2,1888,20,,,1885.5,2355.429688
1,38700,RAINFOREST_RESIN,9992,25,,,,,10008,25,,,,,10000,432
1,38800,KELP,2033,27,,,,,2035,2,2037,27,,,2034,0
1,38800,SQUID_INK,1884,27,,,,,1886,2,1887,27,,,1885,2332.898438
1,38800,RAINFOREST_RESIN,9992,27,,,,,10008,27,,,,,10000,432
1,38900,SQUID_INK,1886,25,,,,,1889,25,,,,,1887.5,2418.226563
1,38900,RAINFOREST_RESIN,9997,4,9992,35,,,10008,35,,,,,10002.5,432
1,38900,KELP,2033,25,,,,,2037,25,,,,,2035,0
1,39000,RAINFOREST_RESIN,9992,25,,,,,10003,6,10008,25,,,9997.5,432
1,39000,KELP,2033,24,,,,,2034,3,2035,6,2037,24,2033.5,0
1,39000,SQUID_INK,1887,24,,,,,1888,3,1889,6,1890,24,1887.5,2492.101563
1,39100,KELP,2034,8,2033,30,,,2037,30,,,,,2035.5,0
1,39100,SQUID_INK,1888,8,1887,30,,,1890,30,,,,,1889,2498.796875
1,39100,RAINFOREST_RESIN,9992,30,,,,,10008,30,,,,,10000,432
1,39200,KELP,2034,5,2033,21,,,2035,4,2037,21,,,2034.5,0
1,39200,SQUID_INK,1887,26,,,,,1888,4,1890,21,,,1887.5,2484.515625
1,39200,RAINFOREST_RESIN,9997,2,9992,30,,,10008,30,,,,,10002.5,432
1,39300,SQUID_INK,1887,24,,,,,1891,24,,,,,1889,2506.65625
1,39300,RAINFOREST_RESIN,9992,27,,,,,10008,27,,,,,10000,432
1,39300,KELP,2034,24,,,,,2037,24,,,,,2035.5,0
1,39400,RAINFOREST_RESIN,9992,31,,,,,10008,31,,,,,10000,432
1,39400,KELP,2034,21,,,,,2037,21,,,,,2035.5,0
1,39400,SQUID_INK,1888,21,,,,,1891,21,,,,,1889.5,2544.96875
1,39500,KELP,2034,29,,,,,2036,3,2037,29,,,2035,0
1,39500,SQUID_INK,1888,29,,,,,1890,3,1891,29,,,1889,2524.3125
1,39500,RAINFOREST_RESIN,9992,32,,,,,10008,32,,,,,10000,432
1,39600,SQUID_INK,1888,31,,,,,1891,31,,,,,1889.5,2533.1875
1,39600,KELP,2034,31,,,,,2037,31,,,,,2035.5,0
1,39600,RAINFOREST_RESIN,9992,35,,,,,10008,35,,,,,10000,432
1,39700,RAINFOREST_RESIN,9992,26,,,,,10008,26,,,,,10000,432
1,39700,SQUID_INK,1889,29,,,,,1890,6,1892,30,,,1889.5,2598.492188
1,39700,KELP,2033,29,,,,,2035,6,2037,30,,,2034,0
1,39800,RAINFOREST_RESIN,9992,29,,,,,10008,29,,,,,10000,432
1,39800,KELP,2034,2,2033,22,,,2037,24,,,,,2035.5,0
1,39800,SQUID_INK,1889,24,,,,,1892,24,,,,,1890.5,2585.617188
1,39900,KELP,2034,29,,,,,2036,7,2037,29,,,2035,0
1,39900,RAINFOREST_RESIN,9992,34,,,,,10008,34,,,,,10000,432
1,39900,SQUID_INK,1888,29,,,,,1890,7,1892,29,,,1889,2560.015625
1,40000,KELP,2034,26,,,,,2037,26,,,,,2035.5,0
1,40000,SQUID_INK,1889,1,1888,25,,,1892,26,,,,,1890.5,2565.039063
1,40000,RAINFOREST_RESIN,10003,11,9992,33,,,10008,33,,,,,10005.5,432
1,40100,RAINFOREST_RESIN,9992,34,,,,,10003,7,10008,34,,,9997.5,465
1,40100,SQUID_INK,1889,30,,,,,1891,4,1892,30,,,1890,2580.039063
1,40100,KELP,2033,30,,,,,2035,4,2037,30,,,2034,0
1,40200,RAINFOREST_RESIN,9992,25,,,,,10008,25,,,,,10000,465
1,40200,KELP,2034,1,2033,24,,,2037,25,,,,,2035.5,0
1,40200,SQUID_INK,1888,25,,,,,1891,25,,,,,1889.5,2531.875
1,40300,KELP,2034,1,2033,29,,,2037,30,,,,,2035.5,0
1,40300,RAINFOREST_RESIN,9992,32,,,,,10008,32,,,,,10000,465
1,40300,SQUID_INK,1888,30,,,,,1891,1,1892,29,,,1889.5,2556.304688
1,40400,KELP,2033,25,,,,,2037,25,,,,,2035,0
1,40400,SQUID_INK,1888,2,1887,23,,,1891,25,,,,,1889.5,2514.101563
1,40400,RAINFOREST_RESIN,9992,34,,,,,10008,34,,,,,10000,465
1,40500,RAINFOREST_RESIN,9992,33,,,,,10003,7,10008,33,,,9997.5,465
1,40500,SQUID_INK,1889,1,1888,21,,,1892,22,,,,,1890.5,2566.25
1,40500,KELP,2034,1,2033,21,,,2037,22,,,,,2035.5,0
1,40600,RAINFOREST_RESIN,9992,25,,,,,10008,25,,,,,10000,465
1,40600,KELP,2033,28,,,,,2037,28,,,,,2035,0
1,40600,SQUID_INK,1889,28,,,,,1892,28,,,,,1890.5,2596.546875
1,40700,KELP,2036,1,2034,36,,,2037,30,,,,,2036.5,0
1,40700,RAINFOREST_RESIN,9992,33,,,,,10008,33,,,,,10000,465
1,40700,SQUID_INK,1891,1,1889,36,,,1892,30,,,,,1891.5,2578.46875
1,40800,SQUID_INK,1888,21,,,,,1891,21,,,,,1889.5,2530.328125
1,40800,KELP,2034,21,,,,,2037,21,,,,,2035.5,0
1,40800,RAINFOREST_RESIN,9997,5,9992,26,,,10008,26,,,,,10002.5,465
1,40900,RAINFOREST_RESIN,9992,32,,,,,10008,32,,,,,10000,465
1,40900,SQUID_INK,1886,28,,,,,1889,25,,,,,1887.5,2440.296875
1,40900,KELP,2034,28,,,,,2037,25,,,,,2035.5,0
1,41000,RAINFOREST_RESIN,9992,30,,,,,10008,30,,,,,10000,465
1,41000,SQUID_INK,1887,21,,,,,1888,2,1889,7,1890,21,1887.5,2488.359375
1,41000,KELP,2034,21,,,,,2035,2,2036,7,2037,21,2034.5,0
1,41100,KELP,2034,25,,,,,2037,25,,,,,2035.5,0
1,41100,RAINFOREST_RESIN,9992,26,,,,,10008,26,,,,,10000,465
1,41100,SQUID_INK,1887,2,1886,23,,,1890,25,,,,,1888.5,2464.421875
1,41200,SQUID_INK,1887,20,,,,,1890,20,,,,,1888.5,2488.117188
1,41200,KELP,2034,20,,,,,2037,20,,,,,2035.5,0
1,41200,RAINFOREST_RESIN,9992,32,,,,,10008,32,,,,,10000,465
1,41300,RAINFOREST_RESIN,9992,28,,,,,10008,28,,,,,10000,465
1,41300,SQUID_INK,1888,35,,,,,1891,27,,,,,1889.5,2525.804688
1,41300,KELP,2034,35,,,,,2037,27,,,,,2035.5,0
1,41400,RAINFOREST_RESIN,9992,32,,,,,10008,32,,,,,10000,465
1,41400,SQUID_INK,1889,30,,,,,1892,30,,,,,1890.5,2578.523438
1,41400,KELP,2034,30,,,,,2037,30,,,,,2035.5,0
1,41500,KELP,2034,38,,,,,2037,31,,,,,2035.5,0
1,41500,RAINFOREST_RESIN,9992,32,,,,,10008,32,,,,,10000,465
1,41500,SQUID_INK,1889,38,,,,,1892,31,,,,,1890.5,2588.8125
1,41600,SQUID_INK,1890,26,,,,,1893,26,,,,,1891.5,2652.179688
1,41600,KELP,2034,26,,,,,2037,26,,,,,2035.5,0
1,41600,RAINFOREST_RESIN,9992,31,,,,,10008,31,,,,,10000,465
1,41700,RAINFOREST_RESIN,9992,25,,,,,9998,4,10008,25,,,9995,465
1,41700,SQUID_INK,1892,2,1891,23,,,1894,23,,,,,1893,2674.421875
1,41700,KELP,2036,2,2034,23,,,2037,23,,,,,2036.5,0
1,41800,RAINFOREST_RESIN,9992,28,,,,,10008,28,,,,,10000,473
1,41800,SQUID_INK,1892,21,,,,,1895,22,,,,,1893.5,2728.078125
1,41800,KELP,2034,21,,,,,2037,22,,,,,2035.5,0
1,41900,KELP,2034,28,,,,,2038,28,,,,,2036,0
1,41900,RAINFOREST_RESIN,9992,25,,,,,10008,25,,,,,10000,473
1,41900,SQUID_INK,1892,28,,,,,1896,28,,,,,1894,2760.9375
1,42000,SQUID_INK,1893,28,,,,,1896,28,,,,,1894.5,2799.382813
1,42000,KELP,2034,28,,,,,2037,1,2038,27,,,2035.5,0
1,42000,RAINFOREST_RESIN,9992,32,,,,,10008,32,,,,,10000,473
1,42100,RAINFOREST_RESIN,9992,34,,,,,10008,34,,,,,10000,473
1,42100,SQUID_INK,1894,29,,,,,1897,22,,,,,1895.5,2826.835938
1,42100,KELP,2035,7,2034,22,,,2038,22,,,,,2036.5,0
1,42200,RAINFOREST_RESIN,9992,28,,,,,10008,28,,,,,10000,473
1,42200,SQUID_INK,1894,22,,,,,1898,22,,,,,1896,2860.898438
1,42200,KELP,2034,22,,,,,2037,22,,,,,2035.5,0
1,42300,KELP,2034,22,,,,,2037,2,2038,20,,,2035.5,0
1,42300,RAINFOREST_RESIN,9992,26,,,,,10008,26,,,,,10000,473
1,42300,SQUID_INK,1895,22,,,,,1898,22,,,,,1896.5,2887.632813
1,42400,SQUID_INK,1893,28,,,,,1896,28,,,,,1894.5,2769.609375
1,42400,KELP,2034,28,,,,,2037,28,,,,,2035.5,0
1,42400,RAINFOREST_RESIN,9992,34,,,,,10008,34,,,,,10000,473
1,42500,RAINFOREST_RESIN,9992,34,,,,,10008,34,,,,,10000,473
1,42500,SQUID_INK,1892,24,,,,,1894,2,1896,24,,,1893,2763.257813
1,42500,KELP,2034,24,,,,,2036,2,2037,24,,,2035,0
1,42600,RAINFOREST_RESIN,9992,26,,,,,9998,5,10008,26,,,9995,473
1,42600,SQUID_INK,1894,1,1892,28,,,1895,28,,,,,1894.5,2741.007813
1,42600,KELP,2036,1,2034,28,,,2037,28,,,,,2036.5,0
1,42700,KELP,2034,24,,,,,2037,24,,,,,2035.5,0
1,42700,RAINFOREST_RESIN,9992,26,,,,,10008,26,,,,,10000,483
1,42700,SQUID_INK,1893,1,1892,23,,,1896,24,,,,,1894.5,2763.789063
1,42800,SQUID_INK,1893,29,,,,,1894,2,1896,29,,,1893.5,2772.460938
1,42800,KELP,2034,29,,,,,2035,2,2038,29,,,2034.5,0
1,42800,RAINFOREST_RESIN,9992,31,,,,,10008,31,,,,,10000,483
1,42900,RAINFOREST_RESIN,9992,33,,,,,10008,33,,,,,10000,483
1,42900,SQUID_INK,1893,20,,,,,1897,20,,,,,1895,2804.5
1,42900,KELP,2034,20,,,,,2038,20,,,,,2036,0
1,43000,RAINFOREST_RESIN,9992,32,,,,,10008,32,,,,,10000,483
1,43000,SQUID_INK,1894,27,,,,,1897,1,1898,26,,,1895.5,2855.039063
1,43000,KELP,2034,27,,,,,2038,27,,,,,2036,0
1,43100,KELP,2034,25,,,,,2037,1,2038,24,,,2035.5,0
1,43100,RAINFOREST_RESIN,9997,7,9992,29,,,10008,29,,,,,10002.5,483
1,43100,SQUID_INK,1891,25,,,,,1894,25,,,,,1892.5,2674.273438
1,43200,SQUID_INK,1891,31,,,,,1894,31,,,,,1892.5,2688.585938
1,43200,KELP,2034,31,,,,,2038,31,,,,,2036,0
1,43200,RAINFOREST_RESIN,9992,25,,,,,10008,25,,,,,10000,483
1,43300,RAINFOREST_RESIN,9992,27,,,,,10008,27,,,,,10000,483
1,43300,SQUID_INK,1894,1,1892,20,,,1896,20,,,,,1895,2757.789063
1,43300,KELP,2036,1,2034,20,,,2038,20,,,,,2037,0
1,43400,RAINFOREST_RESIN,9992,34,,,,,10003,8,10008,34,,,9997.5,483
1,43400,SQUID_INK,1893,24,,,,,1896,24,,,,,1894.5,2778.234375
1,43400,KELP,2034,24,,,,,2038,24,,,,,2036,0
1,43500,KELP,2035,6,2034,25,,,2038,25,,,,,2036.5,0
1,43500,RAINFOREST_RESIN,9992,30,,,,,9999,1,10008,30,,,9995.5,483
1,43500,SQUID_INK,1893,31,,,,,1896,25,,,,,1894.5,2772.59375
1,43600,SQUID_INK,1894,22,,,,,1896,1,1898,22,,,1895,2865.375
1,43600,RAINFOREST_RESIN,9997,3,9992,29,,,10008,29,,,,,10002.5,483
1,43600,KELP,2034,22,,,,,2036,1,2038,22,,,2035,0
1,43700,SQUID_INK,1893,30,,,,,1896,30,,,,,1894.5,2786.859375
1,43700,KELP,2034,30,,,,,2038,30,,,,,2036,0
1,43700,RAINFOREST_RESIN,9997,5,9992,33,,,10008,33,,,,,10002.5,483
1,43800,SQUID_INK,1893,23,,,,,1896,23,,,,,1894.5,2784.148438
1,43800,RAINFOREST_RESIN,9992,31,,,,,10008,31,,,,,10000,483
1,43800,KELP,2034,23,,,,,2038,23,,,,,2036,0
1,43900,KELP,2035,6,2034,26,,,2038,26,,,,,2036.5,0
1,43900,RAINFOREST_RESIN,9992,29,,,,,10008,29,,,,,10000,483
1,43900,SQUID_INK,1894,8,1893,24,,,1897,26,,,,,1895.5,2814.546875
1,44000,SQUID_INK,1894,27,,,,,1897,27,,,,,1895.5,2845.671875
1,44000,RAINFOREST_RESIN,9992,32,,,,,10008,32,,,,,10000,483
1,44000,KELP,2034,27,,,,,2038,27,,,,,2036,0
1,44100,KELP,2034,24,,,,,2036,4,2038,24,,,2035,0
1,44100,SQUID_INK,1894,24,,,,,1896,4,1897,24,,,1895,2834.578125
1,44100,RAINFOREST_RESIN,9992,35,,,,,10008,35,,,,,10000,483
1,44200,SQUID_INK,1894,24,,,,,1897,24,,,,,1895.5,2846.007813
1,44200,RAINFOREST_RESIN,9992,28,,,,,10008,28,,,,,10000,483
1,44200,KELP,2034,24,,,,,2038,24,,,,,2036,0
1,44300,KELP,2035,2,2034,24,,,2038,26,,,,,2036.5,0
1,44300,SQUID_INK,1897,26,,,,,1900,26,,,,,1898.5,2986.726563
1,44300,RAINFOREST_RESIN,9997,8,9992,32,,,10008,32,,,,,10002.5,483
1,44400,RAINFOREST_RESIN,9992,32,,,,,10003,6,10008,32,,,9997.5,483
1,44400,KELP,2035,1,2034,26,,,2038,26,,,,,2036.5,0
1,44400,SQUID_INK,1898,1,1897,26,,,1901,26,,,,,1899.5,3009.570313
1,44500,KELP,2034,30,,,,,2038,30,,,,,2036,0
1,44500,SQUID_INK,1897,30,,,,,1900,30,,,,,1898.5,2985.984375
1,44500,RAINFOREST_RESIN,9992,27,,,,,10008,27,,,,,10000,483
1,44600,SQUID_INK,1898,22,,,,,1901,22,,,,,1899.5,3021.296875
1,44600,RAINFOREST_RESIN,9992,33,,,,,10008,33,,,,,10000,483
1,44600,KELP,2035,1,2034,21,,,2038,22,,,,,2036.5,0
1,44700,KELP,2035,2,2034,25,,,2036,6,2038,27,,,2035.5,0
1,44700,SQUID_INK,1898,27,,,,,1900,6,1901,27,,,1899,3048.453125
1,44700,RAINFOREST_RESIN,9992,31,,,,,10003,8,10008,31,,,9997.5,483
1,44800,RAINFOREST_RESIN,9992,26,,,,,9999,1,10008,26,,,9995.5,483
1,44800,KELP,2034,25,,,,,2036,3,2038,25,,,2035,0
1,44800,SQUID_INK,1898,25,,,,,1900,3,1901,25,,,1899,3025.40625
1,44900,KELP,2034,23,,,,,2038,23,,,,,2036,0
1,44900,SQUID_INK,1898,23,,,,,1901,23,,,,,1899.5,3029.054688
1,44900,RAINFOREST_RESIN,10001,1,9992,27,,,10003,6,10008,27,,,10002,483
1,45000,SQUID_INK,1899,27,,,,,1902,28,,,,,1900.5,3067.757813
1,45000,RAINFOREST_RESIN,9992,25,,,,,10008,25,,,,,10000,483
1,45000,KELP,2034,28,,,,,2035,1,2038,28,,,2034.5,0
1,45100,KELP,2034,27,,,,,2037,27,,,,,2035.5,0
1,45100,SQUID_INK,1899,27,,,,,1902,27,,,,,1900.5,3077.5
1,45100,RAINFOREST_RESIN,9997,6,9992,31,,,10008,31,,,,,10002.5,483
1,45200,RAINFOREST_RESIN,9992,28,,,,,10008,28,,,,,10000,483
1,45200,KELP,2034,20,,,,,2037,21,,,,,2035.5,0
1,45200,SQUID_INK,1899,20,,,,,1902,21,,,,,1900.5,3090.710938
1,45300,SQUID_INK,1900,22,,,,,1903,23,,,,,1901.5,3119.945313
1,45300,KELP,2034,22,,,,,2037,23,,,,,2035.5,0
1,45300,RAINFOREST_RESIN,9997,7,9992,34,,,10008,34,,,,,10002.5,483
1,45400,SQUID_INK,1900,25,,,,,1904,25,,,,,1902,3154.570313
1,45400,RAINFOREST_RESIN,9992,28,,,,,9999,1,10008,28,,,9995.5,483
1,45400,KELP,2034,25,,,,,2037,25,,,,,2035.5,0
1,45500,SQUID_INK,1900,21,,,,,1901,3,1903,1,1904,20,1900.5,3155.554688
1,45500,KELP,2034,18,,,,,2037,21,,,,,2035.5,0
1,45500,RAINFOREST_RESIN,9992,30,,,,,10008,30,,,,,10000,483
1,45600,RAINFOREST_RESIN,9992,28,,,,,10008,28,,,,,10000,483
1,45600,KELP,2034,24,,,,,2036,6,2037,24,,,2035,0
1,45600,SQUID_INK,1900,24,,,,,1902,6,1903,1,1904,23,1901,3156.304688
1,45700,SQUID_INK,1902,23,,,,,1905,23,,,,,1903.5,3221.117188
1,45700,KELP,2034,23,,,,,2037,23,,,,,2035.5,0
1,45700,RAINFOREST_RESIN,9992,29,,,,,10008,29,,,,,10000,483
1,45800,SQUID_INK,1901,5,1900,32,,,1903,32,,,,,1902,3141.65625
1,45800,RAINFOREST_RESIN,9992,30,,,,,10008,30,,,,,10000,483
1,45800,KELP,2035,5,2034,32,,,2037,32,,,,,2036,0
1,45900,SQUID_INK,1899,25,,,,,1902,26,,,,,1900.5,3084.90625
1,45900,KELP,2034,25,,,,,2037,26,,,,,2035.5,0
1,45900,RAINFOREST_RESIN,9992,34,,,,,10008,34,,,,,10000,483
1,46000,RAINFOREST_RESIN,9992,34,,,,,10008,34,,,,,10000,483
1,46000,KELP,2034,23,,,,,2037,23,,,,,2035.5,0
1,46000,SQUID_INK,1900,23,,,,,1903,23,,,,,1901.5,3121.382813
1,46100,SQUID_INK,1901,4,1900,25,,,1903,25,,,,,1902,3152.453125
1,46100,KELP,2034,29,,,,,2037,25,,,,,2035.5,0
1,46100,RAINFOREST_RESIN,9992,30,,,,,10008,30,,,,,10000,483
1,46200,SQUID_INK,1899,28,,,,,1902,24,,,,,1900.5,3077.007813
1,46200,RAINFOREST_RESIN,9992,25,,,,,10008,25,,,,,10000,483
1,46200,KELP,2034,28,,,,,2037,24,,,,,2035.5,0
1,46300,SQUID_INK,1898,28,,,,,1901,28,,,,,1899.5,3026.304688
1,46300,RAINFOREST_RESIN,9992,25,,,,,10008,25,,,,,10000,483
1,46300,KELP,2034,28,,,,,2037,28,,,,,2035.5,0
1,46400,RAINFOREST_RESIN,9992,28,,,,,10008,28,,,,,10000,483
1,46400,KELP,2036,1,2034,24,,,2037,24,,,,,2036.5,0
1,46400,SQUID_INK,1900,1,1898,24,,,1901,24,,,,,1900.5,3026.570313
1,46500,KELP,2036,2,2034,30,,,2037,30,,,,,2036.5,0
1,46500,SQUID_INK,1898,2,1896,30,,,1899,30,,,,,1898.5,2952.546875
1,46500,RAINFOREST_RESIN,9997,7,9992,34,,,10008,34,,,,,10002.5,483
1,46600,KELP,2036,1,2034,32,,,2037,28,,,,,2036.5,0
1,46600,SQUID_INK,1898,1,1896,32,,,1899,28,,,,,1898.5,2920.273438
1,46600,RAINFOREST_RESIN,9992,33,,,,,10008,33,,,,,10000,483
1,46700,SQUID_INK,1894,30,,,,,1897,1,1898,29,,,1895.5,2854.796875
1,46700,RAINFOREST_RESIN,9992,35,,,,,10003,5,10008,35,,,9997.5,483
1,46700,KELP,2034,30,,,,,2037,30,,,,,2035.5,0
1,46800,RAINFOREST_RESIN,9992,34,,,,,10008,34,,,,,10000,483
1,46800,KELP,2034,25,,,,,2037,25,,,,,2035.5,0
1,46800,SQUID_INK,1894,25,,,,,1897,25,,,,,1895.5,2844.28125
1,46900,KELP,2034,20,,,,,2037,30,,,,,2035.5,0
1,46900,SQUID_INK,1895,20,,,,,1898,30,,,,,1896.5,2885.804688
1,46900,RAINFOREST_RESIN,9992,32,,,,,10008,32,,,,,10000,483
1,47000,KELP,2034,23,,,,,2037,23,,,,,2035.5,0
1,47000,SQUID_INK,1895,1,1894,22,,,1898,23,,,,,1896.5,2862.492188
1,47000,RAINFOREST_RESIN,10002,3,9992,33,,,10008,33,,,,,10005,483
1,47100,SQUID_INK,1894,22,,,,,1897,22,,,,,1895.5,2847.960938
1,47100,RAINFOREST_RESIN,9992,26,,,,,10008,26,,,,,10000,489
1,47100,KELP,2034,22,,,,,2037,22,,,,,2035.5,0
1,47200,RAINFOREST_RESIN,9992,25,,,,,10003,8,10008,25,,,9997.5,489
1,47200,KELP,2036,1,2034,23,,,2037,23,,,,,2036.5,0
1,47200,SQUID_INK,1896,1,1894,23,,,1897,23,,,,,1896.5,2825.03125
1,47300,KELP,2034,26,,,,,2037,21,,,,,2035.5,0
1,47300,SQUID_INK,1894,5,1893,21,,,1897,21,,,,,1895.5,2808.773438
1,47300,RAINFOREST_RESIN,9992,29,,,,,10000,3,10008,29,,,9996,489
1,47400,KELP,2036,5,2034,22,,,2037,22,,,,,2036.5,0
1,47400,SQUID_INK,1894,5,1892,22,,,1896,22,,,,,1895,2763.773438
1,47400,RAINFOREST_RESIN,10002,4,9992,35,,,10008,35,,,,,10005,489
1,47500,SQUID_INK,1892,22,,,,,1894,5,1895,22,,,1893,2745.820313
1,47500,RAINFOREST_RESIN,9992,33,,,,,10008,33,,,,,10000,497
1,47500,KELP,2034,22,,,,,2036,5,2037,22,,,2035,0
1,47600,RAINFOREST_RESIN,9992,27,,,,,10008,27,,,,,10000,497
1,47600,KELP,2034,21,,,,,2038,21,,,,,2036,0
1,47600,SQUID_INK,1892,21,,,,,1895,21,,,,,1893.5,2744.53125
1,47700,KELP,2034,23,,,,,2036,4,2038,23,,,2035,0
1,47700,SQUID_INK,1893,23,,,,,1895,4,1896,23,,,1894,2783.734375
1,47700,RAINFOREST_RESIN,9992,29,,,,,10008,29,,,,,10000,497
1,47800,KELP,2034,20,,,,,2036,7,2038,20,,,2035,0
1,47800,SQUID_INK,1893,20,,,,,1895,7,1897,20,,,1894,2803.90625
1,47800,RAINFOREST_RESIN,9992,34,,,,,10008,34,,,,,10000,497
1,47900,SQUID_INK,1893,23,,,,,1897,23,,,,,1895,2807.78125
1,47900,RAINFOREST_RESIN,9992,35,,,,,10008,35,,,,,10000,497
1,47900,KELP,2034,23,,,,,2038,23,,,,,2036,0
1,48000,RAINFOREST_RESIN,9992,33,,,,,10008,33,,,,,10000,497
1,48000,KELP,2034,27,,,,,2038,27,,,,,2036,0
1,48000,SQUID_INK,1893,27,,,,,1896,27,,,,,1894.5,2790.65625
1,48100,KELP,2034,30,,,,,2036,1,2038,30,,,2035,0
1,48100,SQUID_INK,1895,30,,,,,1897,1,1898,30,,,1896,2891
1,48100,RAINFOREST_RESIN,9992,28,,,,,10008,28,,,,,10000,497
1,48200,KELP,2035,1,2034,27,,,2038,27,,,,,2036.5,0
1,48200,SQUID_INK,1897,2,1896,26,,,1900,27,,,,,1898.5,2964.273438
1,48200,RAINFOREST_RESIN,10001,1,9992,32,,,10008,32,,,,,10004.5,497
1,48300,SQUID_INK,1896,17,,,,,1899,21,,,,,1897.5,2922.890625
1,48300,RAINFOREST_RESIN,10002,5,9992,34,,,10008,34,,,,,10005,497
1,48300,KELP,2034,21,,,,,2035,4,2038,21,,,2034.5,0
1,48400,RAINFOREST_RESIN,10001,1,9992,33,,,10003,7,10008,33,,,10002,507
1,48400,KELP,2034,32,,,,,2036,6,2037,2,2038,30,2035,0
1,48400,SQUID_INK,1897,32,,,,,1899,6,1900,32,,,1898,2980.171875
1,48500,KELP,2034,29,,,,,2037,29,,,,,2035.5,0
1,48500,RAINFOREST_RESIN,10001,1,9992,30,,,10008,30,,,,,10004.5,507
1,48500,SQUID_INK,1897,29,,,,,1901,29,,,,,1899,3011.789063
1,48600,KELP,2034,27,,,,,2037,1,2038,26,,,2035.5,0
1,48600,SQUID_INK,1896,27,,,,,1899,27,,,,,1897.5,2946.117188
1,48600,RAINFOREST_RESIN,10001,1,9992,26,,,10008,26,,,,,10004.5,507
1,48700,RAINFOREST_RESIN,9992,35,,,,,10008,35,,,,,10000,507
1,48700,SQUID_INK,1896,23,,,,,1897,2,1899,23,,,1896.5,2951.46875
1,48700,KELP,2034,23,,,,,2035,2,2037,23,,,2034.5,0
1,48800,RAINFOREST_RESIN,9992,25,,,,,10008,25,,,,,10000,507
1,48800,KELP,2034,29,,,,,2037,29,,,,,2035.5,0
1,48800,SQUID_INK,1896,1,1895,28,,,1899,29,,,,,1897.5,2914.15625
1,48900,KELP,2034,21,,,,,2037,22,,,,,2035.5,0
1,48900,RAINFOREST_RESIN,9992,33,,,,,10008,33,,,,,10000,507
1,48900,SQUID_INK,1896,21,,,,,1899,22,,,,,1897.5,2945.90625
1,49000,KELP,2034,29,,,,,2037,29,,,,,2035.5,0
1,49000,SQUID_INK,1896,29,,,,,1899,29,,,,,1897.5,2945.679688
1,49000,RAINFOREST_RESIN,9992,30,,,,,10008,30,,,,,10000,507
1,49100,RAINFOREST_RESIN,9992,31,,,,,10008,31,,,,,10000,507
1,49100,SQUID_INK,1895,30,,,,,1898,30,,,,,1896.5,2893.140625
1,49100,KELP,2034,30,,,,,2037,30,,,,,2035.5,0
1,49200,RAINFOREST_RESIN,9992,26,,,,,10008,26,,,,,10000,507
1,49200,KELP,2034,26,,,,,2037,26,,,,,2035.5,0
1,49200,SQUID_INK,1895,26,,,,,1898,26,,,,,1896.5,2868.328125
1,49300,KELP,2035,6,2034,29,,,2038,29,,,,,2036.5,0
1,49300,RAINFOREST_RESIN,9992,30,,,,,10008,30,,,,,10000,507
1,49300,SQUID_INK,1894,35,,,,,1897,29,,,,,1895.5,2820.351563
1,49400,KELP,2034,23,,,,,2037,1,2038,22,,,2035.5,0
1,49400,SQUID_INK,1891,23,,,,,1895,23,,,,,1893,2708.5625
1,49400,RAINFOREST_RESIN,9992,27,,,,,10008,27,,,,,10000,507
1,49500,RAINFOREST_RESIN,9992,26,,,,,10008,26,,,,,10000,507
1,49500,SQUID_INK,1892,25,,,,,1895,25,,,,,1893.5,2718.6875
1,49500,KELP,2034,25,,,,,2037,25,,,,,2035.5,0
1,49600,RAINFOREST_RESIN,9992,32,,,,,10000,2,10008,32,,,9996,507
1,49600,SQUID_INK,1891,2,1890,28,,,1892,3,1894,30,,,1891.5,2665.609375
1,49600,KELP,2034,30,,,,,2035,3,2038,30,,,2034.5,0
1,49700,KELP,2036,1,2035,6,2034,21,2038,21,,,,,2037,0
1,49700,RAINFOREST_RESIN,9992,28,,,,,10008,28,,,,,10000,507
1,49700,SQUID_INK,1892,1,1890,27,,,1893,21,,,,,1892.5,2623.320313
1,49800,SQUID_INK,1890,19,,,,,1893,20,,,,,1891.5,2619.429688
1,49800,KELP,2034,19,,,,,2038,20,,,,,2036,0
1,49800,RAINFOREST_RESIN,9992,29,,,,,10008,29,,,,,10000,507
1,49900,RAINFOREST_RESIN,9992,34,,,,,10008,34,,,,,10000,507
1,49900,SQUID_INK,1891,5,1890,24,,,1894,24,,,,,1892.5,2661.3125
1,49900,KELP,2035,5,2034,24,,,2038,24,,,,,2036.5,0
1,50000,RAINFOREST_RESIN,9992,35,,,,,10008,35,,,,,10000,507
1,50000,SQUID_INK,1892,26,,,,,1895,26,,,,,1893.5,2729.304688
1,50000,KELP,2034,26,,,,,2038,26,,,,,2036,0
1,50100,KELP,2034,24,,,,,2038,24,,,,,2036,0
1,50100,RAINFOREST_RESIN,9992,26,,,,,10000,5,10008,26,,,9996,507
1,50100,SQUID_INK,1891,24,,,,,1894,24,,,,,1892.5,2697.585938
1,50200,SQUID_INK,1892,29,,,,,1895,29,,,,,1893.5,2723.15625
1,50200,KELP,2035,1,2034,28,,,2038,29,,,,,2036.5,0
1,50200,RAINFOREST_RESIN,9992,34,,,,,10008,34,,,,,10000,507
1,50300,RAINFOREST_RESIN,9992,25,,,,,10008,25,,,,,10000,507
1,50300,SQUID_INK,1890,23,,,,,1892,4,1894,23,,,1891,2658
1,50300,KELP,2034,23,,,,,2037,4,2038,23,,,2035.5,0
1,50400,RAINFOREST_RESIN,9992,27,,,,,10003,3,10008,27,,,9997.5,507
1,50400,SQUID_INK,1890,22,,,,,1893,23,,,,,1891.5,2635.734375
1,50400,KELP,2035,1,2034,21,,,2038,23,,,,,2036.5,0
1,50500,KELP,2036,4,2035,28,,,2038,28,,,,,2037,0
1,50500,RAINFOREST_RESIN,9992,27,,,,,10008,27,,,,,10000,507
1,50500,SQUID_INK,1892,4,1891,28,,,1894,28,,,,,1893,2669.898438
1,50600,SQUID_INK,1893,24,,,,,1894,4,1896,24,,,1893.5,2790.34375
1,50600,KELP,2034,24,,,,,2036,4,2038,24,,,2035,0
1,50600,RAINFOREST_RESIN,10002,3,9992,28,,,10008,28,,,,,10005,507
1,50700,RAINFOREST_RESIN,9992,35,,,,,9999,1,10008,35,,,9995.5,513
1,50700,SQUID_INK,1892,20,,,,,1896,20,,,,,1894,2758.101563
1,50700,KELP,2034,20,,,,,2038,20,,,,,2036,0
1,50800,RAINFOREST_RESIN,9992,29,,,,,10008,29,,,,,10000,513
1,50800,SQUID_INK,1893,28,,,,,1896,28,,,,,1894.5,2788.710938
1,50800,KELP,2035,2,2034,26,,,2038,28,,,,,2036.5,0
1,50900,KELP,2035,29,,,,,2036,5,2038,30,,,2035.5,0
1,50900,RAINFOREST_RESIN,9992,35,,,,,10008,35,,,,,10000,513
1,50900,SQUID_INK,1892,29,,,,,1893,5,1895,30,,,1892.5,2746.148438
1,51000,SQUID_INK,1894,25,,,,,1897,25,,,,,1895.5,2834.632813
1,51000,KELP,2035,25,,,,,2038,25,,,,,2036.5,0
1,51000,RAINFOREST_RESIN,9992,28,,,,,10008,28,,,,,10000,513
1,51100,RAINFOREST_RESIN,9992,31,,,,,10008,31,,,,,10000,513
1,51100,SQUID_INK,1894,3,1893,29,,,1896,29,,,,,1895,2801.726563
1,51100,KELP,2035,3,2034,29,,,2038,29,,,,,2036.5,0
1,51200,RAINFOREST_RESIN,9992,32,,,,,10008,32,,,,,10000,513
1,51200,SQUID_INK,1894,30,,,,,1898,30,,,,,1896,2856.03125
1,51200,KELP,2034,30,,,,,2038,30,,,,,2036,0
1,51300,KELP,2034,25,,,,,2038,25,,,,,2036,0
1,51300,RAINFOREST_RESIN,9992,30,,,,,10008,30,,,,,10000,513
1,51300,SQUID_INK,1894,25,,,,,1897,25,,,,,1895.5,2851.179688
1,51400,SQUID_INK,1895,23,,,,,1896,5,1898,23,,,1895.5,2869.984375
1,51400,KELP,2034,23,,,,,2036,5,2038,23,,,2035,0
1,51400,RAINFOREST_RESIN,9992,34,,,,,10008,34,,,,,10000,513
1,51500,RAINFOREST_RESIN,9992,25,,,,,10008,25,,,,,10000,513
1,51500,SQUID_INK,1895,21,,,,,1898,21,,,,,1896.5,2868.71875
1,51500,KELP,2034,21,,,,,2038,21,,,,,2036,0
1,51600,RAINFOREST_RESIN,9992,27,,,,,10008,27,,,,,10000,513
1,51600,SQUID_INK,1897,3,1895,23,,,1898,23,,,,,1897.5,2888.648438
1,51600,KELP,2036,3,2034,23,,,2038,23,,,,,2037,0
1,51700,KELP,2035,2,2034,30,,,2038,32,,,,,2036.5,0
1,51700,RAINFOREST_RESIN,9992,26,,,,,10008,26,,,,,10000,513
1,51700,SQUID_INK,1896,32,,,,,1899,32,,,,,1897.5,2940.007813
1,51800,SQUID_INK,1896,25,,,,,1899,25,,,,,1897.5,2940.398438
1,51800,KELP,2034,25,,,,,2038,25,,,,,2036,0
1,51800,RAINFOREST_RESIN,9992,33,,,,,10008,33,,,,,10000,513
1,51900,RAINFOREST_RESIN,9992,31,,,,,10008,31,,,,,10000,513
1,51900,SQUID_INK,1897,28,,,,,1900,28,,,,,1898.5,2993.460938
1,51900,KELP,2035,2,2034,26,,,2038,28,,,,,2036.5,0
1,52000,RAINFOREST_RESIN,9992,25,,,,,10008,25,,,,,10000,513
1,52000,SQUID_INK,1898,26,,,,,1899,5,1901,21,,,1898.5,3027.390625
1,52000,KELP,2035,5,2034,21,,,2036,5,2038,21,,,2035.5,0
1,52100,KELP,2035,1,2034,27,,,2038,28,,,,,2036.5,0
1,52100,RAINFOREST_RESIN,9992,26,,,,,10008,26,,,,,10000,513
1,52100,SQUID_INK,1898,28,,,,,1901,28,,,,,1899.5,3020.25
1,52200,SQUID_INK,1897,22,,,,,1900,23,,,,,1898.5,2981.890625
1,52200,KELP,2035,22,,,,,2038,23,,,,,2036.5,0
1,52200,RAINFOREST_RESIN,10002,3,9997,7,9992,35,10008,35,,,,,10005,513
1,52300,RAINFOREST_RESIN,9992,33,,,,,10003,7,10008,33,,,9997.5,519
1,52300,SQUID_INK,1898,30,,,,,1901,30,,,,,1899.5,3040.742188
1,52300,KELP,2035,30,,,,,2038,30,,,,,2036.5,0
1,52400,RAINFOREST_RESIN,10003,7,9992,27,,,10008,27,,,,,10005.5,519
1,52400,SQUID_INK,1898,2,1897,20,,,1899,4,1901,21,,,1898.5,3013.039063
1,52400,KELP,2035,22,,,,,2036,4,2038,21,,,2035.5,0
1,52500,KELP,2035,27,,,,,2038,27,,,,,2036.5,0
1,52500,RAINFOREST_RESIN,9992,31,,,,,10008,31,,,,,10000,540
1,52500,SQUID_INK,1897,27,,,,,1900,27,,,,,1898.5,3000.015625
1,52600,SQUID_INK,1897,31,,,,,1900,31,,,,,1898.5,2972.570313
1,52600,RAINFOREST_RESIN,9992,28,,,,,10008,28,,,,,10000,540
1,52600,KELP,2035,31,,,,,2038,31,,,,,2036.5,0
1,52700,SQUID_INK,1899,1,1897,25,,,1900,25,,,,,1899.5,2995.242188
1,52700,KELP,2037,1,2035,25,,,2038,25,,,,,2037.5,0
1,52700,RAINFOREST_RESIN,9992,30,,,,,10008,30,,,,,10000,540
1,52800,SQUID_INK,1900,1,1898,28,,,1901,28,,,,,1900.5,3022.226563
1,52800,RAINFOREST_RESIN,9992,33,,,,,10008,33,,,,,10000,540
1,52800,KELP,2037,1,2035,28,,,2038,28,,,,,2037.5,0
1,52900,KELP,2035,27,,,,,2038,27,,,,,2036.5,0
1,52900,RAINFOREST_RESIN,9992,35,,,,,10008,35,,,,,10000,540
1,52900,SQUID_INK,1898,27,,,,,1901,27,,,,,1899.5,3030.992188
1,53000,RAINFOREST_RESIN,9992,31,,,,,10008,31,,,,,10000,540
1,53000,KELP,2035,30,,,,,2038,30,,,,,2036.5,0
1,53000,SQUID_INK,1897,30,,,,,1901,30,,,,,1899,3009.953125
1,53100,KELP,2035,23,,,,,2038,23,,,,,2036.5,0
1,53100,SQUID_INK,1896,23,,,,,1899,23,,,,,1897.5,2946.734375
1,53100,RAINFOREST_RESIN,9992,30,,,,,10008,30,,,,,10000,540
1,53200,SQUID_INK,1897,1,1895,23,,,1899,23,,,,,1898,2910.429688
1,53200,RAINFOREST_RESIN,9992,33,,,,,10008,33,,,,,10000,540
1,53200,KELP,2037,1,2035,23,,,2038,23,,,,,2037.5,0
1,53300,KELP,2035,20,,,,,2038,20,,,,,2036.5,0
1,53300,SQUID_INK,1896,20,,,,,1899,20,,,,,1897.5,2943.84375
1,53300,RAINFOREST_RESIN,9992,29,,,,,10008,29,,,,,10000,540
1,53400,RAINFOREST_RESIN,9992,29,,,,,9998,3,10008,29,,,9995,540
1,53400,KELP,2035,39,,,,,2038,32,,,,,2036.5,0
1,53400,SQUID_INK,1896,39,,,,,1899,32,,,,,1897.5,2923.09375
1,53500,KELP,2035,25,,,,,2037,2,2038,25,,,2036,0
1,53500,SQUID_INK,1896,25,,,,,1898,2,1900,25,,,1897,2960.65625
1,53500,RAINFOREST_RESIN,9992,32,,,,,10008,32,,,,,10000,546
1,53600,SQUID_INK,1896,23,,,,,1899,23,,,,,1897.5,2931.835938
1,53600,RAINFOREST_RESIN,9992,31,,,,,10008,31,,,,,10000,546
1,53600,KELP,2035,23,,,,,2038,23,,,,,2036.5,0
1,53700,KELP,2035,24,,,,,2038,23,,,,,2036.5,0
1,53700,SQUID_INK,1895,24,,,,,1898,23,,,,,1896.5,2874.625
1,53700,RAINFOREST_RESIN,10001,1,9992,25,,,10008,25,,,,,10004.5,546
1,53800,RAINFOREST_RESIN,10001,1,9992,25,,,10008,25,,,,,10004.5,546
1,53800,KELP,2035,29,,,,,2038,29,,,,,2036.5,0
1,53800,SQUID_INK,1894,29,,,,,1897,29,,,,,1895.5,2849.023438
1,53900,KELP,2035,26,,,,,2036,4,2038,26,,,2035.5,0
1,53900,SQUID_INK,1894,26,,,,,1895,4,1897,26,,,1894.5,2844.335938
1,53900,RAINFOREST_RESIN,9992,33,,,,,10008,33,,,,,10000,546
1,54000,SQUID_INK,1895,8,1894,21,,,1898,22,,,,,1896.5,2862.257813
1,54000,RAINFOREST_RESIN,9992,29,,,,,10003,2,10008,29,,,9997.5,546
1,54000,KELP,2035,29,,,,,2038,22,,,,,2036.5,0
1,54100,SQUID_INK,1894,26,,,,,1897,22,,,,,1895.5,2841.5625
1,54100,KELP,2035,26,,,,,2038,22,,,,,2036.5,0
1,54100,RAINFOREST_RESIN,9992,26,,,,,10008,26,,,,,10000,546
1,54200,RAINFOREST_RESIN,9992,28,,,,,9998,3,10008,28,,,9995,546
1,54200,KELP,2035,20,,,,,2038,21,,,,,2036.5,0
1,54200,SQUID_INK,1894,20,,,,,1897,21,,,,,1895.5,2826.140625
1,54300,SQUID_INK,1894,28,,,,,1897,2,1898,26,,,1895.5,2856.046875
1,54300,KELP,2035,28,,,,,2038,28,,,,,2036.5,0
1,54300,RAINFOREST_RESIN,9992,27,,,,,10008,27,,,,,10000,552
1,54400,SQUID_INK,1895,22,,,,,1898,22,,,,,1896.5,2874.546875
1,54400,RAINFOREST_RESIN,9992,30,,,,,10003,8,10008,30,,,9997.5,552
1,54400,KELP,2035,22,,,,,2038,22,,,,,2036.5,0
1,54500,SQUID_INK,1895,29,,,,,1898,29,,,,,1896.5,2879.3125
1,54500,KELP,2035,29,,,,,2038,29,,,,,2036.5,0
1,54500,RAINFOREST_RESIN,10002,5,9992,27,,,10008,27,,,,,10005,552
1,54600,RAINFOREST_RESIN,9992,27,,,,,10003,5,10008,27,,,9997.5,562
1,54600,KELP,2035,30,,,,,2038,30,,,,,2036.5,0
1,54600,SQUID_INK,1894,30,,,,,1897,30,,,,,1895.5,2843.890625
1,54700,SQUID_INK,1894,23,,,,,1897,1,1898,22,,,1895.5,2855.820313
1,54700,KELP,2035,23,,,,,2038,23,,,,,2036.5,0
1,54700,RAINFOREST_RESIN,9992,33,,,,,10003,6,10008,33,,,9997.5,562
1,54800,SQUID_INK,1895,7,1894,25,,,1897,2,1898,23,,,1896,2853.3125
1,54800,RAINFOREST_RESIN,9992,29,,,,,9999,1,10000,2,10003,5,9995.5,562
1,54800,KELP,2035,32,,,,,2038,25,,,,,2036.5,0
1,54900,SQUID_INK,1895,24,,,,,1896,1,1898,24,,,1895.5,2870.789063
1,54900,KELP,2035,24,,,,,2037,1,2038,24,,,2036,0
1,54900,RAINFOREST_RESIN,9992,30,,,,,10008,30,,,,,10000,562
1,55000,RAINFOREST_RESIN,9992,34,,,,,10008,34,,,,,10000,562
1,55000,KELP,2035,22,,,,,2037,7,2038,22,,,2036,0
1,55000,SQUID_INK,1895,22,,,,,1897,7,1898,22,,,1896,2876.273438
1,55100,SQUID_INK,1895,26,,,,,1898,26,,,,,1896.5,2882.710938
1,55100,KELP,2035,26,,,,,2038,26,,,,,2036.5,0
1,55100,RAINFOREST_RESIN,9992,34,,,,,10003,5,10008,34,,,9997.5,562
1,55200,KELP,2035,25,,,,,2038,26,,,,,2036.5,0
1,55200,SQUID_INK,1895,25,,,,,1898,26,,,,,1896.5,2900.835938
1,55200,RAINFOREST_RESIN,9992,28,,,,,10008,28,,,,,10000,562
1,55300,SQUID_INK,1895,22,,,,,1896,3,1898,22,,,1895.5,2870.46875
1,55300,RAINFOREST_RESIN,9992,34,,,,,10008,34,,,,,10000,562
1,55300,KELP,2035,22,,,,,2037,3,2038,22,,,2036,0
1,55400,RAINFOREST_RESIN,9992,33,,,,,10008,33,,,,,10000,562
1,55400,KELP,2035,33,,,,,2038,28,,,,,2036.5,0
1,55400,SQUID_INK,1895,33,,,,,1898,28,,,,,1896.5,2869.601563
1,55500,KELP,2035,24,,,,,2037,2,2038,24,,,2036,0
1,55500,SQUID_INK,1895,24,,,,,1897,2,1898,24,,,1896,2892.796875
1,55500,RAINFOREST_RESIN,9992,35,,,,,10008,35,,,,,10000,562
1,55600,KELP,2035,23,,,,,2038,23,,,,,2036.5,0
1,55600,SQUID_INK,1896,23,,,,,1899,23,,,,,1897.5,2928.40625
1,55600,RAINFOREST_RESIN,9992,33,,,,,10008,33,,,,,10000,562
1,55700,SQUID_INK,1895,22,,,,,1899,22,,,,,1897,2908.242188
1,55700,RAINFOREST_RESIN,9992,25,,,,,10008,25,,,,,10000,562
1,55700,KELP,2035,22,,,,,2038,22,,,,,2036.5,0
1,55800,RAINFOREST_RESIN,9992,34,,,,,10008,34,,,,,10000,562
1,55800,KELP,2035,34,,,,,2038,26,,,,,2036.5,0
1,55800,SQUID_INK,1895,34,,,,,1898,26,,,,,1896.5,2891.070313
1,55900,KELP,2036,4,2035,20,,,2038,20,,,,,2037,0
1,55900,SQUID_INK,1895,4,1894,20,,,1897,20,,,,,1896,2853.015625
1,55900,RAINFOREST_RESIN,9992,31,,,,,10008,31,,,,,10000,562
1,56000,KELP,2036,2,2035,25,,,2037,7,2038,25,,,2036.5,0
1,56000,SQUID_INK,1896,2,1895,25,,,1897,7,1898,25,,,1896.5,2895.6875
1,56000,RAINFOREST_RESIN,9992,25,,,,,9999,1,10008,25,,,9995.5,562
1,56100,SQUID_INK,1896,28,,,,,1899,28,,,,,1897.5,2939.21875
1,56100,RAINFOREST_RESIN,10000,5,9992,30,,,10003,3,10008,30,,,10001.5,562
1,56100,KELP,2035,28,,,,,2038,28,,,,,2036.5,0
1,56200,RAINFOREST_RESIN,9992,32,,,,,10008,32,,,,,10000,562
1,56200,KELP,2035,31,,,,,2036,4,2038,31,,,2035.5,0
1,56200,SQUID_INK,1896,31,,,,,1897,4,1899,31,,,1896.5,2937.445313
1,56300,KELP,2035,28,,,,,2038,28,,,,,2036.5,0
1,56300,SQUID_INK,1897,28,,,,,1900,28,,,,,1898.5,2973.476563
1,56300,RAINFOREST_RESIN,9992,27,,,,,10008,27,,,,,10000,562
1,56400,KELP,2035,29,,,,,2038,29,,,,,2036.5,0
1,56400,SQUID_INK,1896,29,,,,,1899,29,,,,,1897.5,2934.515625
1,56400,RAINFOREST_RESIN,9992,32,,,,,10008,32,,,,,10000,562
1,56500,SQUID_INK,1896,21,,,,,1899,21,,,,,1897.5,2934.742188
1,56500,RAINFOREST_RESIN,9992,33,,,,,10008,33,,,,,10000,562
1,56500,KELP,2035,21,,,,,2038,21,,,,,2036.5,0
1,56600,RAINFOREST_RESIN,9992,30,,,,,9998,4,10008,30,,,9995,562
1,56600,KELP,2035,30,,,,,2037,3,2038,30,,,2036,0
1,56600,SQUID_INK,1897,2,1896,28,,,1898,3,1900,30,,,1897.5,2962.6875
1,56700,KELP,2035,25,,,,,2038,27,,,,,2036.5,0
1,56700,SQUID_INK,1897,25,,,,,1900,27,,,,,1898.5,2985.367188
1,56700,RAINFOREST_RESIN,9992,33,,,,,10008,33,,,,,10000,570
1,56800,KELP,2035,31,,,,,2038,23,,,,,2036.5,0
1,56800,SQUID_INK,1897,31,,,,,1900,23,,,,,1898.5,2969.804688
1,56800,RAINFOREST_RESIN,9992,35,,,,,9998,3,10008,35,,,9995,570
1,56900,SQUID_INK,1898,1,1897,20,,,1901,21,,,,,1899.5,3015.898438
1,56900,RAINFOREST_RESIN,9992,33,,,,,10008,33,,,,,10000,576
1,56900,KELP,2035,21,,,,,2038,21,,,,,2036.5,0
1,57000,RAINFOREST_RESIN,9992,34,,,,,10008,34,,,,,10000,576
1,57000,KELP,2035,22,,,,,2038,22,,,,,2036.5,0
1,57000,SQUID_INK,1898,22,,,,,1901,22,,,,,1899.5,3017.515625
1,57100,KELP,2037,1,2035,24,,,2038,24,,,,,2037.5,0
1,57100,SQUID_INK,1900,1,1898,24,,,1901,24,,,,,1900.5,3022.429688
1,57100,RAINFOREST_RESIN,9992,29,,,,,9998,5,10008,29,,,9995,576
1,57200,KELP,2034,26,,,,,2038,26,,,,,2036,0
1,57200,SQUID_INK,1897,26,,,,,1900,26,,,,,1898.5,2985.320313
1,57200,RAINFOREST_RESIN,9992,30,,,,,9999,1,10008,30,,,9995.5,586
1,57300,SQUID_INK,1897,31,,,,,1899,1,1900,31,,,1898,2993.507813
1,57300,RAINFOREST_RESIN,10001,1,9992,35,,,10008,35,,,,,10004.5,586
1,57300,KELP,2035,31,,,,,2037,1,2038,31,,,2036,0
1,57400,RAINFOREST_RESIN,9992,32,,,,,10008,32,,,,,10000,586
1,57400,KELP,2035,28,,,,,2038,28,,,,,2036.5,0
1,57400,SQUID_INK,1897,28,,,,,1900,1,1901,27,,,1898.5,3004.109375
1,57500,KELP,2035,23,,,,,2038,21,,,,,2036.5,0
1,57500,RAINFOREST_RESIN,10000,3,9992,27,,,10008,27,,,,,10004,586
1,57500,SQUID_INK,1899,23,,,,,1902,21,,,,,1900.5,3069.390625
1,57600,KELP,2036,5,2035,22,,,2038,22,,,,,2037,0
1,57600,SQUID_INK,1900,5,1899,22,,,1903,22,,,,,1901.5,3109.132813
1,57600,RAINFOREST_RESIN,10000,2,9997,7,9992,30,10008,30,,,,,10004,586
1,57700,RAINFOREST_RESIN,9992,28,,,,,10008,28,,,,,10000,586
1,57700,SQUID_INK,1900,22,,,,,1903,22,,,,,1901.5,3144.164063
1,57700,KELP,2035,22,,,,,2038,22,,,,,2036.5,0
1,57800,RAINFOREST_RESIN,9992,34,,,,,10003,4,10008,34,,,9997.5,586
1,57800,KELP,2035,35,,,,,2038,28,,,,,2036.5,0
1,57800,SQUID_INK,1900,35,,,,,1903,28,,,,,1901.5,3145.773438
1,57900,KELP,2034,26,,,,,2035,3,2038,28,,,2034.5,0
1,57900,RAINFOREST_RESIN,9992,29,,,,,9999,1,10008,29,,,9995.5,586
1,57900,SQUID_INK,1900,28,,,,,1901,5,1903,28,,,1900.5,3149.21875
1,58000,KELP,2034,28,,,,,2038,28,,,,,2036,0
1,58000,SQUID_INK,1902,28,,,,,1905,28,,,,,1903.5,3235.960938
