day,timestamp,product,bid_price_1,bid_volume_1,bid_price_2,bid_volume_2,bid_price_3,bid_volume_3,ask_price_1,ask_volume_1,ask_price_2,ask_volume_2,ask_price_3,ask_volume_3,mid_price,profit_and_loss
0,0,RAINFOREST_RESIN,9998,9,9995,23,,,10005,23,,,,,10001.5,0
0,0,KELP,2028,23,,,,,2032,23,,,,,2030,0
0,0,SQUID_INK,1968,23,,,,,1971,23,,,,,1969.5,0
0,100,SQUID_INK,1970,1,1969,2,1967,22,1971,22,,,,,1970.5,0
0,100,KELP,2031,1,2030,2,2028,22,2032,22,,,,,2031.5,0
0,100,RAINFOREST_RESIN,10002,1,10000,2,9998,4,10004,1,10005,21,,,10003,0
0,200,SQUID_INK,1966,1,1965,21,,,1969,22,,,,,1967.5,2.915039063
0,200,RAINFOREST_RESIN,9996,1,9995,21,,,10004,1,10005,21,,,10000,2
0,200,KELP,2029,1,2028,21,,,2032,22,,,,,2030.5,0
0,300,SQUID_INK,1967,1,1965,26,,,1968,26,,,,,1967.5,3.317260742
0,300,KELP,2031,1,2029,26,,,2032,26,,,,,2031.5,0
0,300,RAINFOREST_RESIN,9995,26,,,,,10005,26,,,,,10000,2
0,400,RAINFOREST_RESIN,9998,8,9996,2,9995,26,10004,2,10005,26,,,10001,2
0,400,KELP,2029,2,2028,26,,,2032,28,,,,,2030.5,0
0,400,SQUID_INK,1966,28,,,,,1969,28,,,,,1967.5,2.447631836
0,500,SQUID_INK,1966,24,,,,,1968,3,1970,24,,,1967,1.918579102
0,500,KELP,2028,24,,,,,2030,3,2031,24,,,2029,0
0,500,RAINFOREST_RESIN,9998,8,9996,1,9995,23,10004,1,10005,23,,,10001,2
0,600,SQUID_INK,1967,5,1965,30,,,1968,30,,,,,1967.5,3.252685547
0,600,RAINFOREST_RESIN,9996,2,9995,28,,,10004,2,10005,28,,,10000,2
0,600,KELP,2030,5,2028,30,,,2031,30,,,,,2030.5,-0.787597656
0,700,SQUID_INK,1967,22,,,,,1970,23,,,,,1968.5,1.504516602
0,700,KELP,2028,22,,,,,2032,23,,,,,2030,-29.921875
0,700,RAINFOREST_RESIN,9996,1,9995,22,,,10004,1,10005,22,,,10000,2
0,800,RAINFOREST_RESIN,9996,1,9995,24,,,10000,3,10004,1,10005,24,9998,2
0,800,KELP,2028,25,,,,,2030,3,2032,25,,,2029,-29.4140625
0,800,SQUID_INK,1967,25,,,,,1968,3,1970,25,,,1967.5,1.662841797
0,900,SQUID_INK,1966,21,,,,,1970,21,,,,,1968,2.022460938
0,900,KELP,2029,21,,,,,2032,21,,,,,2030.5,-20.296875
0,900,RAINFOREST_RESIN,9996,1,9995,20,,,9998,11,10004,1,10005,20,9997,2
0,1000,SQUID_INK,1967,31,,,,,1970,31,,,,,1968.5,1.258544922
0,1000,RAINFOREST_RESIN,9996,1,9995,30,,,10004,1,10005,30,,,10000,24
0,1000,KELP,2029,31,,,,,2032,31,,,,,2030.5,-12.5390625
0,1100,SQUID_INK,1968,22,,,,,1971,22,,,,,1969.5,0.630859375
0,1100,KELP,2029,22,,,,,2032,22,,,,,2030.5,-11.921875
0,1100,RAINFOREST_RESIN,9996,1,9995,21,,,10002,6,10004,1,10005,21,9999,24
0,1200,RAINFOREST_RESIN,9996,1,9995,22,,,10004,1,10005,22,,,10000,24
0,1200,KELP,2029,22,,,,,2033,23,,,,,2031,3.4921875
0,1200,SQUID_INK,1968,22,,,,,1971,23,,,,,1969.5,-38.4140625
0,1300,SQUID_INK,1968,25,,,,,1971,25,,,,,1969.5,-65.1796875
0,1300,KELP,2029,25,,,,,2033,25,,,,,2031,9.078125
0,1300,RAINFOREST_RESIN,10002,1,9995,25,,,10005,25,,,,,10003.5,24
0,1400,SQUID_INK,1968,23,,,,,1970,6,1972,23,,,1969,-92.375
0,1400,RAINFOREST_RESIN,9995,23,,,,,10000,6,10005,23,,,9997.5,26
0,1400,KELP,2029,23,,,,,2030,6,2033,23,,,2029.5,5.8359375
0,1500,SQUID_INK,1971,1,1969,21,,,1972,21,,,,,1971.5,-108.6015625
0,1500,KELP,2032,1,2029,21,,,2033,21,,,,,2032.5,13.5
0,1500,RAINFOREST_RESIN,9996,1,9995,20,,,9998,4,10004,1,10005,20,9997,26
0,1600,RAINFOREST_RESIN,9996,2,9995,28,,,10004,2,10005,28,,,10000,34
0,1600,KELP,2029,30,,,,,2033,30,,,,,2031,16.890625
0,1600,SQUID_INK,1970,30,,,,,1974,30,,,,,1972,-179.4375
0,1700,SQUID_INK,1970,28,,,,,1972,8,1973,28,,,1971,-146.203125
0,1700,KELP,2029,28,,,,,2031,8,2033,28,,,2030,18.5390625
0,1700,RAINFOREST_RESIN,9995,28,,,,,10005,28,,,,,10000,34
0,1800,SQUID_INK,1972,4,1971,23,,,1974,23,,,,,1973,-199.359375
0,1800,RAINFOREST_RESIN,10000,4,9995,23,,,10002,10,10005,23,,,10001,34
0,1800,KELP,2031,4,2029,23,,,2033,23,,,,,2032,14.3828125
0,1900,SQUID_INK,1969,31,,,,,1972,32,,,,,1970.5,-101.4765625
0,1900,KELP,2030,31,,,,,2033,32,,,,,2031.5,31.2109375
0,1900,RAINFOREST_RESIN,9996,2,9995,30,,,10004,2,10005,30,,,10000,34
0,2000,RAINFOREST_RESIN,9996,2,9995,21,,,10004,2,10005,21,,,10000,34
0,2000,KELP,2030,23,,,,,2033,23,,,,,2031.5,33.2734375
0,2000,SQUID_INK,1972,23,,,,,1975,23,,,,,1973.5,-260.4296875
0,2100,KELP,2030,28,,,,,2032,5,2033,2,2034,26,2031,54.8515625
0,2100,SQUID_INK,1971,28,,,,,1972,5,1974,28,,,1971.5,-188.4609375
0,2100,RAINFOREST_RESIN,9996,2,9995,26,,,10004,2,10005,26,,,10000,34
0,2200,KELP,2031,4,2030,21,,,2034,21,,,,,2032.5,58.21875
0,2200,SQUID_INK,1972,5,1971,20,,,1975,21,,,,,1973.5,-234.484375
0,2200,RAINFOREST_RESIN,9996,1,9995,20,,,9998,4,10004,1,10005,20,9997,34
0,2300,SQUID_INK,1972,5,1971,24,,,1975,24,,,,,1973.5,-231.046875
0,2300,RAINFOREST_RESIN,9996,2,9995,22,,,10004,2,10005,22,,,10000,42
0,2300,KELP,2030,29,,,,,2033,24,,,,,2031.5,50.09375
0,2400,RAINFOREST_RESIN,9996,2,9995,20,,,10004,2,10005,20,,,10000,42
0,2400,KELP,2030,22,,,,,2033,22,,,,,2031.5,47
0,2400,SQUID_INK,1973,22,,,,,1976,22,,,,,1974.5,-292.7109375
0,2500,KELP,2030,23,,,,,2033,2,2034,21,,,2031.5,54.6015625
0,2500,SQUID_INK,1973,2,1972,21,,,1976,23,,,,,1974.5,-286.4375
0,2500,RAINFOREST_RESIN,9998,3,9996,2,9995,21,10004,2,10005,21,,,10001,42
0,2600,KELP,2030,30,,,,,2034,30,,,,,2032,59.25
0,2600,SQUID_INK,1972,30,,,,,1975,1,1976,29,,,1973.5,-273.640625
0,2600,RAINFOREST_RESIN,10002,1,9996,1,9995,29,10004,1,10005,29,,,10003,42
0,2700,SQUID_INK,1972,30,,,,,1975,23,,,,,1973.5,-251.296875
0,2700,RAINFOREST_RESIN,9998,7,9996,2,9995,21,10004,2,10005,21,,,10001,44
0,2700,KELP,2031,7,2030,23,,,2033,2,2034,21,,,2032,55.1796875
0,2800,RAINFOREST_RESIN,9995,27,,,,,10005,27,,,,,10000,44
0,2800,KELP,2030,27,,,,,2034,27,,,,,2032,62.21875
0,2800,SQUID_INK,1971,27,,,,,1975,27,,,,,1973,-228.109375
0,2900,KELP,2030,22,,,,,2034,22,,,,,2032,62.8515625
0,2900,SQUID_INK,1972,2,1971,20,,,1975,22,,,,,1973.5,-235.46875
0,2900,RAINFOREST_RESIN,9996,2,9995,20,,,10004,2,10005,20,,,10000,44
0,3000,KELP,2032,1,2031,5,2030,30,2034,30,,,,,2033,59.984375
0,3000,SQUID_INK,1974,1,1972,35,,,1975,30,,,,,1974.5,-260.8515625
0,3000,RAINFOREST_RESIN,9996,1,9995,29,,,10004,1,10005,29,,,10000,44
0,3100,SQUID_INK,1971,28,,,,,1975,28,,,,,1973,-232.609375
0,3100,RAINFOREST_RESIN,9998,5,9996,1,9995,27,10004,1,10005,27,,,10001,44
0,3100,KELP,2031,28,,,,,2034,28,,,,,2032.5,75.3515625
0,3200,RAINFOREST_RESIN,10002,2,9995,24,,,10005,24,,,,,10003.5,44
0,3200,KELP,2030,24,,,,,2032,5,2034,24,,,2031,69.15625
0,3200,SQUID_INK,1971,24,,,,,1973,5,1975,24,,,1972,-229.796875
0,3300,KELP,2031,25,,,,,2034,25,,,,,2032.5,82.2890625
0,3300,SQUID_INK,1971,25,,,,,1975,25,,,,,1973,-228.6484375
0,3300,RAINFOREST_RESIN,10002,1,9996,1,9995,24,10004,1,10005,24,,,10003,48
0,3400,KELP,2030,29,,,,,2034,29,,,,,2032,56.828125
0,3400,SQUID_INK,1971,29,,,,,1974,29,,,,,1972.5,-199.0390625
0,3400,RAINFOREST_RESIN,9998,10,9996,2,9995,27,10004,2,10005,27,,,10001,50
0,3500,SQUID_INK,1971,26,,,,,1975,26,,,,,1973,-220.7421875
0,3500,RAINFOREST_RESIN,9995,26,,,,,10002,10,10005,26,,,9998.5,50
0,3500,KELP,2031,26,,,,,2034,26,,,,,2032.5,74.375
0,3600,RAINFOREST_RESIN,9995,27,,,,,10002,8,10005,27,,,9998.5,50
0,3600,KELP,2031,27,,,,,2034,27,,,,,2032.5,73.2421875
0,3600,SQUID_INK,1971,27,,,,,1974,27,,,,,1972.5,-217.9453125
0,3700,KELP,2030,25,,,,,2034,25,,,,,2032,69.1015625
0,3700,RAINFOREST_RESIN,9998,3,9995,25,,,10005,25,,,,,10001.5,50
0,3700,SQUID_INK,1971,25,,,,,1974,25,,,,,1972.5,-203.0078125
0,3800,KELP,2030,24,,,,,2032,7,2033,24,,,2031,44.203125
0,3800,SQUID_INK,1971,24,,,,,1973,7,1974,24,,,1972,-191.9609375
0,3800,RAINFOREST_RESIN,9995,24,,,,,10005,24,,,,,10000,50
0,3900,RAINFOREST_RESIN,9996,2,9995,24,,,10004,2,10005,24,,,10000,50
0,3900,SQUID_INK,1970,27,,,,,1973,26,,,,,1971.5,-164.09375
0,3900,KELP,2030,27,,,,,2033,26,,,,,2031.5,34.578125
0,4000,RAINFOREST_RESIN,10002,1,9996,1,9995,30,10004,1,10005,30,,,10003,50
0,4000,KELP,2030,30,,,,,2033,31,,,,,2031.5,41.5390625
0,4000,SQUID_INK,1970,30,,,,,1973,31,,,,,1971.5,-164.8828125
0,4100,KELP,2031,5,2030,24,,,2033,24,,,,,2032,33.421875
0,4100,RAINFOREST_RESIN,10000,5,9996,2,9995,22,10002,4,10004,2,10005,22,10001,52
0,4100,SQUID_INK,1974,5,1973,2,1972,22,1976,24,,,,,1975,-284.34375
0,4200,SQUID_INK,1971,29,,,,,1973,7,1974,29,,,1972,-190.7890625
0,4200,KELP,2030,29,,,,,2032,7,2033,29,,,2031,28.375
0,4200,RAINFOREST_RESIN,10002,5,9996,1,9995,28,10004,1,10005,28,,,10003,52
0,4300,RAINFOREST_RESIN,9995,26,,,,,10002,8,10005,26,,,9998.5,62
0,4300,SQUID_INK,1970,24,,,,,1973,26,,,,,1971.5,-149.6640625
0,4300,KELP,2030,24,,,,,2033,26,,,,,2031.5,25.7421875
0,4400,RAINFOREST_RESIN,9995,28,,,,,10005,28,,,,,10000,62
0,4400,SQUID_INK,1970,28,,,,,1974,28,,,,,1972,-182
0,4400,KELP,2030,28,,,,,2033,28,,,,,2031.5,23.7265625
0,4500,KELP,2029,26,,,,,2031,8,2033,26,,,2030,12.40625
0,4500,RAINFOREST_RESIN,9995,26,,,,,10005,26,,,,,10000,62
0,4500,SQUID_INK,1971,26,,,,,1973,8,1975,26,,,1972,-222.765625
0,4600,SQUID_INK,1970,21,,,,,1972,3,1974,21,,,1971,-174.2265625
0,4600,KELP,2029,21,,,,,2031,3,2033,21,,,2030,4.0859375
0,4600,RAINFOREST_RESIN,9995,21,,,,,10005,21,,,,,10000,62
0,4700,RAINFOREST_RESIN,9998,5,9995,26,,,10005,26,,,,,10001.5,62
0,4700,SQUID_INK,1970,26,,,,,1974,26,,,,,1972,-177.0234375
0,4700,KELP,2029,26,,,,,2032,26,,,,,2030.5,-0.015625
0,4800,RAINFOREST_RESIN,9996,1,9995,22,,,10004,1,10005,22,,,10000,62
0,4800,SQUID_INK,1973,1,1971,30,,,1974,23,,,,,1973.5,-196.7578125
0,4800,KELP,2031,1,2029,30,,,2032,23,,,,,2031.5,-12.671875
0,4900,KELP,2029,24,,,,,2031,6,2032,24,,,2030,-19.6015625
0,4900,RAINFOREST_RESIN,9996,2,9995,22,,,10004,2,10005,22,,,10000,62
0,4900,SQUID_INK,1972,24,,,,,1974,6,1975,24,,,1973,-246.15625
0,5000,SQUID_INK,1972,6,1971,30,,,1975,31,,,,,1973.5,-237.1875
0,5000,KELP,2029,6,2028,30,,,2032,31,,,,,2030.5,-30.625
0,5000,RAINFOREST_RESIN,9998,9,9996,1,9995,30,10004,1,10005,30,,,10001,62
0,5100,RAINFOREST_RESIN,9995,26,,,,,10005,26,,,,,10000,62
0,5100,SQUID_INK,1971,26,,,,,1974,26,,,,,1972.5,-209.3203125
0,5100,KELP,2028,26,,,,,2032,26,,,,,2030,-37.9453125
0,5200,RAINFOREST_RESIN,10000,5,9998,7,9996,2,10004,2,10005,23,,,10002,62
0,5200,SQUID_INK,1972,11,1971,25,,,1975,25,,,,,1973.5,-226.75
0,5200,KELP,2030,5,2029,8,2028,23,2032,25,,,,,2031,-28.78125
0,5300,KELP,2029,22,,,,,2032,22,,,,,2030.5,-18.8984375
0,5300,RAINFOREST_RESIN,9995,22,,,,,9998,12,10005,22,,,9996.5,62
0,5300,SQUID_INK,1971,22,,,,,1974,22,,,,,1972.5,-190.6796875
0,5400,SQUID_INK,1972,30,,,,,1975,30,,,,,1973.5,-255.3515625
0,5400,KELP,2029,30,,,,,2032,30,,,,,2030.5,-18.84375
0,5400,RAINFOREST_RESIN,9995,30,,,,,10005,30,,,,,10000,86
0,5500,RAINFOREST_RESIN,9996,1,9995,28,,,10004,1,10005,28,,,10000,86
0,5500,SQUID_INK,1972,21,,,,,1975,29,,,,,1973.5,-263.5
0,5500,KELP,2029,21,,,,,2032,29,,,,,2030.5,-10.75
0,5600,RAINFOREST_RESIN,9998,2,9996,2,9995,23,10004,2,10005,23,,,10001,86
0,5600,SQUID_INK,1973,25,,,,,1976,25,,,,,1974.5,-292.7890625
0,5600,KELP,2029,25,,,,,2032,2,2033,23,,,2030.5,3
0,5700,KELP,2030,3,2029,31,,,2033,31,,,,,2031.5,6.484375
0,5700,RAINFOREST_RESIN,9996,1,9995,30,,,10004,1,10005,30,,,10000,86
0,5700,SQUID_INK,1973,3,1972,31,,,1976,31,,,,,1974.5,-275.7734375
0,5800,SQUID_INK,1972,30,,,,,1975,30,,,,,1973.5,-243.421875
0,5800,KELP,2029,30,,,,,2033,30,,,,,2031,10.71875
0,5800,RAINFOREST_RESIN,9996,2,9995,28,,,10004,2,10005,28,,,10000,86
0,5900,RAINFOREST_RESIN,9996,2,9995,21,,,10004,2,10005,21,,,10000,86
0,5900,SQUID_INK,1972,23,,,,,1975,23,,,,,1973.5,-250.7109375
0,5900,KELP,2029,23,,,,,2033,23,,,,,2031,11.6796875
0,6000,RAINFOREST_RESIN,9995,30,,,,,10002,10,10005,30,,,9998.5,86
0,6000,SQUID_INK,1972,30,,,,,1976,30,,,,,1974,-277.734375
0,6000,KELP,2029,30,,,,,2033,30,,,,,2031,4.5
0,6100,KELP,2029,25,,,,,2033,25,,,,,2031,10.65625
0,6100,RAINFOREST_RESIN,9996,1,9995,24,,,10004,1,10005,24,,,10000,86
0,6100,SQUID_INK,1971,25,,,,,1975,25,,,,,1973,-225.984375
0,6200,SQUID_INK,1975,1,1973,30,,,1976,30,,,,,1975.5,-313.34375
0,6200,KELP,2032,1,2029,30,,,2033,30,,,,,2032.5,11.234375
0,6200,RAINFOREST_RESIN,9998,3,9996,1,9995,29,10004,1,10005,29,,,10001,86
0,6300,RAINFOREST_RESIN,9995,22,,,,,10005,22,,,,,10000,86
0,6300,SQUID_INK,1973,22,,,,,1976,22,,,,,1974.5,-316.203125
0,6300,KELP,2029,22,,,,,2033,22,,,,,2031,8.828125
0,6400,RAINFOREST_RESIN,9996,1,9995,23,,,10002,6,10004,1,10005,23,9999,86
0,6400,SQUID_INK,1973,24,,,,,1977,24,,,,,1975,-330.875
0,6400,KELP,2029,24,,,,,2032,24,,,,,2030.5,-3.9140625
0,6500,KELP,2029,22,,,,,2032,22,,,,,2030.5,-4.953125
0,6500,RAINFOREST_RESIN,9995,22,,,,,10005,22,,,,,10000,86
0,6500,SQUID_INK,1972,22,,,,,1975,22,,,,,1973.5,-261.78125
0,6600,SQUID_INK,1974,22,,,,,1977,29,,,,,1975.5,-362.7421875
0,6600,KELP,2029,22,,,,,2032,29,,,,,2030.5,-19.3203125
0,6600,RAINFOREST_RESIN,9996,2,9995,27,,,10004,2,10005,27,,,10000,86
0,6700,RAINFOREST_RESIN,9996,1,9995,30,,,10004,1,10005,30,,,10000,86
0,6700,SQUID_INK,1973,31,,,,,1975,7,1976,31,,,1974,-317.7109375
0,6700,KELP,2029,31,,,,,2031,7,2032,31,,,2030,-4.625
0,6800,RAINFOREST_RESIN,10000,5,9996,2,9995,29,10004,2,10005,29,,,10002,86
0,6800,SQUID_INK,1976,4,1975,2,1974,29,1978,31,,,,,1977,-384.3515625
0,6800,KELP,2030,4,2029,31,,,2033,31,,,,,2031.5,10.640625
0,6900,KELP,2030,29,,,,,2032,3,2033,29,,,2031,30.203125
0,6900,RAINFOREST_RESIN,9996,2,9995,27,,,10004,2,10005,27,,,10000,86
0,6900,SQUID_INK,1973,29,,,,,1975,3,1976,29,,,1974,-294.734375
0,7000,SQUID_INK,1973,38,,,,,1976,31,,,,,1974.5,-312.375
0,7000,KELP,2030,38,,,,,2033,31,,,,,2031.5,27.6640625
0,7000,RAINFOREST_RESIN,9996,1,9995,30,,,10004,1,10005,30,,,10000,86
0,7100,RAINFOREST_RESIN,9996,1,9995,30,,,9998,5,10002,7,10004,1,9997,86
0,7100,SQUID_INK,1975,31,,,,,1978,31,,,,,1976.5,-405.921875
0,7100,KELP,2030,31,,,,,2033,31,,,,,2031.5,30.2890625
0,7200,RAINFOREST_RESIN,9996,1,9995,22,,,10002,1,10004,1,10005,22,9999,96
0,7200,SQUID_INK,1976,29,,,,,1979,23,,,,,1977.5,-451.953125
0,7200,KELP,2030,29,,,,,2033,23,,,,,2031.5,29.9296875
0,7300,KELP,2030,26,,,,,2033,26,,,,,2031.5,25.4296875
0,7300,RAINFOREST_RESIN,9996,1,9995,25,,,10004,1,10005,25,,,10000,96
0,7300,SQUID_INK,1975,26,,,,,1978,26,,,,,1976.5,-407.796875
0,7400,SQUID_INK,1975,22,,,,,1978,22,,,,,1976.5,-406.8359375
0,7400,KELP,2030,22,,,,,2033,22,,,,,2031.5,24.9765625
0,7400,RAINFOREST_RESIN,10002,1,9995,22,,,10005,22,,,,,10003.5,96
0,7500,RAINFOREST_RESIN,9995,29,,,,,10005,29,,,,,10000,98
0,7500,SQUID_INK,1974,29,,,,,1976,3,1977,29,,,1975,-366.4921875
0,7500,KELP,2030,29,,,,,2032,3,2033,29,,,2031,26.0703125
0,7600,RAINFOREST_RESIN,10002,1,9995,27,,,10005,27,,,,,10003.5,98
0,7600,SQUID_INK,1973,27,,,,,1977,27,,,,,1975,-336.1953125
0,7600,KELP,2030,27,,,,,2033,27,,,,,2031.5,27.6640625
0,7700,KELP,2030,26,,,,,2033,26,,,,,2031.5,31.859375
0,7700,RAINFOREST_RESIN,9996,1,9995,25,,,10002,5,10004,1,10005,25,9999,100
0,7700,SQUID_INK,1974,26,,,,,1977,26,,,,,1975.5,-352.109375
0,7800,SQUID_INK,1974,1,1973,23,,,1977,23,,,,,1975.5,-335.9921875
0,7800,KELP,2030,24,,,,,2033,23,,,,,2031.5,29.3828125
0,7800,RAINFOREST_RESIN,9995,23,,,,,10005,23,,,,,10000,100
0,7900,RAINFOREST_RESIN,9996,2,9995,22,,,10002,7,10004,2,10005,22,9999,100
0,7900,SQUID_INK,1972,24,,,,,1975,2,1976,22,,,1973.5,-271.1875
0,7900,KELP,2030,24,,,,,2033,24,,,,,2031.5,31.046875
0,8000,RAINFOREST_RESIN,10000,3,9996,2,9995,28,10004,2,10005,28,,,10002,100
0,8000,SQUID_INK,1975,1,1974,3,1973,30,1976,30,,,,,1975.5,-319.75
0,8000,KELP,2032,1,2031,3,2030,2,2033,30,,,,,2032.5,19.203125
0,8100,KELP,2029,25,,,,,2033,25,,,,,2031,22.59375
0,8100,RAINFOREST_RESIN,9995,25,,,,,10005,25,,,,,10000,100
0,8100,SQUID_INK,1973,25,,,,,1976,25,,,,,1974.5,-292.8984375
0,8200,RAINFOREST_RESIN,9996,2,9995,25,,,10004,2,10005,25,,,10000,100
0,8200,SQUID_INK,1976,2,1975,25,,,1979,27,,,,,1977.5,-435.421875
0,8200,KELP,2030,27,,,,,2033,27,,,,,2031.5,36.125
0,8300,SQUID_INK,1977,28,,,,,1980,28,,,,,1978.5,-488.578125
0,8300,KELP,2030,28,,,,,2033,28,,,,,2031.5,37.703125
0,8300,RAINFOREST_RESIN,9998,9,9995,28,,,10005,28,,,,,10001.5,100
0,8400,RAINFOREST_RESIN,9998,5,9995,29,,,10005,29,,,,,10001.5,100
0,8400,SQUID_INK,1976,29,,,,,1980,29,,,,,1978,-478.703125
0,8400,KELP,2030,29,,,,,2033,29,,,,,2031.5,33.5546875
0,8500,KELP,2030,35,,,,,2033,27,,,,,2031.5,37.1640625
0,8500,RAINFOREST_RESIN,9996,2,9995,25,,,10004,2,10005,25,,,10000,100
0,8500,SQUID_INK,1975,35,,,,,1978,27,,,,,1976.5,-398.9921875
0,8600,RAINFOREST_RESIN,9996,2,9995,27,,,10004,2,10005,27,,,10000,100
0,8600,KELP,2030,29,,,,,2033,29,,,,,2031.5,40.6640625
0,8600,SQUID_INK,1976,29,,,,,1979,29,,,,,1977.5,-443.515625
0,8700,SQUID_INK,1980,1,1978,32,,,1981,24,,,,,1980.5,-568.203125
0,8700,KELP,2032,1,2030,32,,,2033,24,,,,,2032.5,32.59375
0,8700,RAINFOREST_RESIN,9996,2,9995,22,,,10004,2,10005,22,,,10000,100
0,8800,SQUID_INK,1979,31,,,,,1982,31,,,,,1980.5,-591.078125
0,8800,RAINFOREST_RESIN,9996,1,9995,30,,,10004,1,10005,30,,,10000,100
0,8800,KELP,2030,31,,,,,2033,31,,,,,2031.5,41.328125
0,8900,SQUID_INK,1979,28,,,,,1982,26,,,,,1980.5,-602.875
0,8900,KELP,2030,28,,,,,2033,26,,,,,2031.5,40.7109375
0,8900,RAINFOREST_RESIN,9995,26,,,,,10005,26,,,,,10000,100
0,9000,RAINFOREST_RESIN,9995,23,,,,,10005,23,,,,,10000,100
0,9000,KELP,2030,23,,,,,2033,23,,,,,2031.5,45.5390625
0,9000,SQUID_INK,1979,23,,,,,1983,23,,,,,1981,-630.71875
0,9100,SQUID_INK,1979,27,,,,,1982,22,,,,,1980.5,-590.84375
0,9100,KELP,2030,27,,,,,2033,22,,,,,2031.5,32.8203125
0,9100,RAINFOREST_RESIN,9995,22,,,,,9998,1,10005,22,,,9996.5,100
0,9200,SQUID_INK,1980,30,,,,,1983,27,,,,,1981.5,-652.25
0,9200,RAINFOREST_RESIN,9996,2,9995,25,,,10004,2,10005,25,,,10000,102
0,9200,KELP,2030,30,,,,,2033,27,,,,,2031.5,34.921875
0,9300,SQUID_INK,1979,30,,,,,1983,30,,,,,1981,-632.9140625
0,9300,KELP,2030,30,,,,,2033,30,,,,,2031.5,36.9375
0,9300,RAINFOREST_RESIN,10002,11,9998,1,9996,1,10004,1,10005,29,,,10003,102
0,9400,RAINFOREST_RESIN,10002,1,9996,2,9995,28,10004,2,10005,28,,,10003,124
0,9400,KELP,2030,33,,,,,2033,30,,,,,2031.5,32.890625
0,9400,SQUID_INK,1981,3,1980,30,,,1984,30,,,,,1982.5,-678.203125
0,9500,SQUID_INK,1981,26,,,,,1985,26,,,,,1983,-727.046875
0,9500,KELP,2030,26,,,,,2033,26,,,,,2031.5,34.4296875
0,9500,RAINFOREST_RESIN,10002,1,9996,2,9995,24,10004,2,10005,24,,,10003,126
0,9600,SQUID_INK,1981,21,,,,,1985,21,,,,,1983,-724.546875
0,9600,RAINFOREST_RESIN,9996,1,9995,20,,,10002,6,10004,1,10005,20,9999,128
0,9600,KELP,2030,21,,,,,2033,21,,,,,2031.5,43.046875
0,9700,SQUID_INK,1981,1,1980,30,,,1982,10,1984,31,,,1981.5,-687.484375
0,9700,KELP,2029,31,,,,,2031,10,2033,31,,,2030,15.09375
0,9700,RAINFOREST_RESIN,9996,1,9995,30,,,10000,4,10004,1,10005,30,9998,128
0,9800,RAINFOREST_RESIN,9998,1,9996,2,9995,24,10004,2,10005,24,,,10001,128
0,9800,KELP,2030,26,,,,,2033,26,,,,,2031.5,35.6484375
0,9800,SQUID_INK,1981,26,,,,,1984,26,,,,,1982.5,-709.09375
0,9900,SQUID_INK,1981,24,,,,,1984,24,,,,,1982.5,-705.46875
0,9900,KELP,2030,24,,,,,2033,24,,,,,2031.5,32.09375
0,9900,RAINFOREST_RESIN,9995,24,,,,,10005,24,,,,,10000,128
0,10000,SQUID_INK,1981,27,,,,,1985,27,,,,,1983,-731.40625
0,10000,RAINFOREST_RESIN,9995,27,,,,,10005,27,,,,,10000,128
0,10000,KELP,2030,27,,,,,2033,27,,,,,2031.5,33
0,10100,SQUID_INK,1982,21,,,,,1984,5,1986,21,,,1983,-777.1640625
0,10100,KELP,2030,21,,,,,2032,5,2033,21,,,2031,36.09375
0,10100,RAINFOREST_RESIN,10002,4,9996,1,9995,20,10004,1,10005,20,,,10003,128
0,10200,RAINFOREST_RESIN,9995,20,,,,,10005,20,,,,,10000,136
0,10200,KELP,2030,20,,,,,2033,20,,,,,2031.5,34.0703125
0,10200,SQUID_INK,1981,20,,,,,1984,20,,,,,1982.5,-715.2421875
0,10300,SQUID_INK,1982,6,1981,24,,,1985,25,,,,,1983.5,-737.9609375
0,10300,KELP,2030,30,,,,,2033,25,,,,,2031.5,29.890625
0,10300,RAINFOREST_RESIN,9996,1,9995,24,,,10004,1,10005,24,,,10000,136
0,10400,SQUID_INK,1982,25,,,,,1986,25,,,,,1984,-783.921875
0,10400,RAINFOREST_RESIN,9995,25,,,,,10005,25,,,,,10000,136
0,10400,KELP,2030,25,,,,,2033,25,,,,,2031.5,41.0625
0,10500,SQUID_INK,1982,8,1981,26,,,1985,26,,,,,1983.5,-737.453125
0,10500,KELP,2030,34,,,,,2033,26,,,,,2031.5,38.4140625
0,10500,RAINFOREST_RESIN,9995,26,,,,,10005,26,,,,,10000,136
0,10600,RAINFOREST_RESIN,9995,20,,,,,10005,20,,,,,10000,136
0,10600,KELP,2032,3,2030,20,,,2033,20,,,,,2032.5,31.8203125
0,10600,SQUID_INK,1983,3,1981,20,,,1985,20,,,,,1984,-730.015625
0,10700,SQUID_INK,1981,31,,,,,1984,24,,,,,1982.5,-701.1953125
0,10700,KELP,2030,7,2029,24,,,2033,24,,,,,2031.5,12.296875
0,10700,RAINFOREST_RESIN,9995,24,,,,,9998,3,10005,24,,,9996.5,136
0,10800,SQUID_INK,1981,6,1980,23,,,1984,23,,,,,1982.5,-680.65625
0,10800,RAINFOREST_RESIN,9995,23,,,,,10002,1,10005,23,,,9998.5,142
0,10800,KELP,2030,6,2029,23,,,2033,23,,,,,2031.5,2.9375
0,10900,SQUID_INK,1980,23,,,,,1981,6,1983,23,,,1980.5,-660.8125
0,10900,RAINFOREST_RESIN,9996,1,9995,22,,,10000,6,10004,1,10005,22,9998,142
0,10900,KELP,2029,23,,,,,2030,6,2033,23,,,2029.5,6.8984375
0,11000,RAINFOREST_RESIN,9996,1,9995,26,,,10004,1,10005,26,,,10000,142
0,11000,KELP,2029,27,,,,,2031,2,2032,1,2033,26,2030,3.4765625
0,11000,SQUID_INK,1980,27,,,,,1982,2,1983,27,,,1981,-659.9765625
0,11100,KELP,2030,1,2029,31,,,2033,31,,,,,2031.5,13.8359375
0,11100,SQUID_INK,1979,2,1978,30,,,1982,31,,,,,1980.5,-585.2578125
0,11100,RAINFOREST_RESIN,9996,1,9995,30,,,10002,1,10004,1,10005,30,9999,142
0,11200,KELP,2029,30,,,,,2031,5,2032,2,2033,28,2030,5.3203125
0,11200,SQUID_INK,1980,30,,,,,1982,5,1983,30,,,1981,-651.75
0,11200,RAINFOREST_RESIN,9996,2,9995,28,,,10004,2,10005,28,,,10000,142
0,11300,SQUID_INK,1980,27,,,,,1983,27,,,,,1981.5,-647.4140625
0,11300,RAINFOREST_RESIN,9996,2,9995,25,,,10002,2,10004,2,10005,25,9999,142
0,11300,KELP,2029,27,,,,,2033,27,,,,,2031,8.453125
0,11400,RAINFOREST_RESIN,9995,30,,,,,10005,30,,,,,10000,142
0,11400,KELP,2029,30,,,,,2033,30,,,,,2031,12.0859375
0,11400,SQUID_INK,1981,30,,,,,1984,30,,,,,1982.5,-699.359375
0,11500,KELP,2029,29,,,,,2031,5,2033,29,,,2030,16.3046875
0,11500,SQUID_INK,1980,29,,,,,1982,5,1983,1,1984,28,1981,-673.6484375
0,11500,RAINFOREST_RESIN,9996,1,9995,28,,,10004,1,10005,28,,,10000,142
0,11600,KELP,2029,24,,,,,2031,7,2033,24,,,2030,14.828125
0,11600,SQUID_INK,1982,2,1981,22,,,1983,7,1985,24,,,1982.5,-737.25
0,11600,RAINFOREST_RESIN,9996,2,9995,22,,,10004,2,10005,22,,,10000,142
0,11700,SQUID_INK,1982,4,1981,22,,,1984,22,,,,,1983,-696.9921875
0,11700,RAINFOREST_RESIN,10000,4,9996,2,9995,20,10004,2,10005,20,,,10002,142
0,11700,KELP,2031,4,2029,22,,,2033,22,,,,,2032,13.6875
0,11800,RAINFOREST_RESIN,9998,10,9996,1,9995,21,10004,1,10005,21,,,10001,142
0,11800,KELP,2029,22,,,,,2033,22,,,,,2031,14.265625
0,11800,SQUID_INK,1979,22,,,,,1982,22,,,,,1980.5,-605.3671875
0,11900,KELP,2031,4,2029,23,,,2033,23,,,,,2032,16.3828125
0,11900,SQUID_INK,1979,4,1978,23,,,1981,23,,,,,1980,-549.15625
0,11900,RAINFOREST_RESIN,10002,1,10000,4,9998,1,10004,1,10005,22,,,10003,142
0,12000,KELP,2030,28,,,,,2033,28,,,,,2031.5,24.5859375
0,12000,SQUID_INK,1978,28,,,,,1982,28,,,,,1980,-576.75
0,12000,RAINFOREST_RESIN,9996,1,9995,27,,,10004,1,10005,27,,,10000,144
0,12100,SQUID_INK,1979,25,,,,,1982,25,,,,,1980.5,-594.8046875
0,12100,RAINFOREST_RESIN,9996,2,9995,23,,,9998,8,10004,2,10005,23,9997,144
0,12100,KELP,2030,2,2029,23,,,2033,25,,,,,2031.5,19.953125
0,12200,RAINFOREST_RESIN,9996,2,9995,23,,,10004,2,10005,23,,,10000,160
0,12200,KELP,2029,25,,,,,2033,25,,,,,2031,16.828125
0,12200,SQUID_INK,1978,25,,,,,1981,25,,,,,1979.5,-561.6328125
0,12300,KELP,2030,29,,,,,2033,25,,,,,2031.5,26.9765625
0,12300,SQUID_INK,1977,29,,,,,1980,25,,,,,1978.5,-512.1171875
0,12300,RAINFOREST_RESIN,9996,1,9995,24,,,10002,3,10004,1,10005,24,9999,160
0,12400,KELP,2030,29,,,,,2033,29,,,,,2031.5,29.09375
0,12400,SQUID_INK,1976,29,,,,,1979,29,,,,,1977.5,-452.3828125
0,12400,RAINFOREST_RESIN,10002,1,9998,5,9995,29,10005,29,,,,,10003.5,160
0,12500,SQUID_INK,1976,3,1975,23,,,1978,23,,,,,1977,-396.5625
0,12500,RAINFOREST_RESIN,10000,3,9996,1,9995,22,10004,1,10005,22,,,10002,162
0,12500,KELP,2031,3,2030,23,,,2033,23,,,,,2032,29.8203125
0,12600,RAINFOREST_RESIN,10000,4,9995,26,,,10005,26,,,,,10002.5,162
0,12600,KELP,2031,4,2030,26,,,2033,26,,,,,2032,28.3125
0,12600,SQUID_INK,1975,4,1973,26,,,1977,26,,,,,1976,-336.265625
0,12700,KELP,2030,28,,,,,2033,28,,,,,2031.5,27.2734375
0,12700,RAINFOREST_RESIN,10002,1,9996,1,9995,27,10004,1,10005,27,,,10003,162
0,12700,SQUID_INK,1972,28,,,,,1975,1,1976,27,,,1973.5,-274.1875
0,12800,KELP,2031,4,2030,30,,,2033,30,,,,,2032,30.9609375
0,12800,SQUID_INK,1975,4,1974,2,1973,28,1977,30,,,,,1976,-336.90625
0,12800,RAINFOREST_RESIN,10000,4,9996,2,9995,28,10002,9,10004,2,10005,28,10001,164
0,12900,RAINFOREST_RESIN,9996,2,9995,21,,,10002,4,10004,2,10005,21,9999,164
0,12900,SQUID_INK,1971,23,,,,,1973,2,1974,23,,,1972,-208.2265625
0,12900,KELP,2030,23,,,,,2032,2,2033,23,,,2031,26.9140625
0,13000,RAINFOREST_RESIN,9996,2,9995,30,,,10002,2,10004,2,10005,30,9999,164
0,13000,SQUID_INK,1972,32,,,,,1975,32,,,,,1973.5,-263.7890625
0,13000,KELP,2029,32,,,,,2033,32,,,,,2031,12.78125
0,13100,KELP,2029,21,,,,,2030,2,2033,21,,,2029.5,5.125
0,13100,RAINFOREST_RESIN,9995,21,,,,,10000,2,10005,21,,,9997.5,164
0,13100,SQUID_INK,1974,21,,,,,1975,2,1977,21,,,1974.5,-347.8828125
0,13200,SQUID_INK,1976,1,1974,9,1973,29,1977,31,,,,,1976.5,-338.046875
0,13200,KELP,2032,1,2030,38,,,2033,31,,,,,2032.5,26.4765625
0,13200,RAINFOREST_RESIN,9998,9,9996,2,9995,29,10004,2,10005,29,,,10001,164
0,13300,RAINFOREST_RESIN,10002,2,9996,1,9995,22,10004,1,10005,22,,,10003,164
0,13300,SQUID_INK,1972,23,,,,,1976,23,,,,,1974,-278.3828125
0,13300,KELP,2030,23,,,,,2033,23,,,,,2031.5,48.4453125
0,13400,RAINFOREST_RESIN,9995,26,,,,,10005,26,,,,,10000,168
0,13400,SQUID_INK,1973,26,,,,,1977,26,,,,,1975,-328.1796875
0,13400,KELP,2030,26,,,,,2033,26,,,,,2031.5,39.578125
0,13500,KELP,2030,25,,,,,2033,25,,,,,2031.5,47.6796875
0,13500,RAINFOREST_RESIN,9996,1,9995,24,,,10004,1,10005,24,,,10000,168
0,13500,SQUID_INK,1974,25,,,,,1978,25,,,,,1976,-379.8984375
0,13600,SQUID_INK,1974,26,,,,,1976,3,1977,26,,,1975,-356.734375
0,13600,KELP,2030,26,,,,,2032,3,2033,26,,,2031,48.25
0,13600,RAINFOREST_RESIN,9996,2,9995,24,,,10002,6,10004,2,10005,24,9999,168
0,13700,RAINFOREST_RESIN,10002,1,9995,28,,,10005,28,,,,,10003.5,168
0,13700,SQUID_INK,1974,28,,,,,1977,28,,,,,1975.5,-362.046875
0,13700,KELP,2030,28,,,,,2034,28,,,,,2032,57.515625
0,13800,RAINFOREST_RESIN,9998,1,9995,23,,,10005,23,,,,,10001.5,170
0,13800,SQUID_INK,1974,23,,,,,1977,23,,,,,1975.5,-344.0859375
0,13800,KELP,2030,23,,,,,2034,23,,,,,2032,60.5390625
0,13900,KELP,2030,21,,,,,2031,3,2034,21,,,2030.5,62.1171875
0,13900,RAINFOREST_RESIN,9996,1,9995,20,,,10004,1,10005,20,,,10000,170
0,13900,SQUID_INK,1973,20,,,,,1974,2,1977,21,,,1973.5,-336.46875
0,14000,SQUID_INK,1975,2,1974,29,,,1978,29,,,,,1976.5,-374.8359375
0,14000,KELP,2031,2,2030,29,,,2034,29,,,,,2032.5,62.09375
0,14000,RAINFOREST_RESIN,10002,6,9998,1,9996,1,10004,1,10005,28,,,10003,170
0,14100,RAINFOREST_RESIN,9996,2,9995,20,,,10002,4,10004,2,10005,20,9999,182
0,14100,SQUID_INK,1976,22,,,,,1979,22,,,,,1977.5,-455.078125
0,14100,KELP,2030,22,,,,,2034,22,,,,,2032,63.1484375
0,14200,RAINFOREST_RESIN,9995,21,,,,,10005,21,,,,,10000,182
0,14200,SQUID_INK,1976,21,,,,,1979,21,,,,,1977.5,-460.25
0,14200,KELP,2030,21,,,,,2034,21,,,,,2032,65.671875
0,14300,KELP,2030,22,,,,,2034,22,,,,,2032,66.578125
0,14300,RAINFOREST_RESIN,9996,1,9995,21,,,10004,1,10005,21,,,10000,182
0,14300,SQUID_INK,1974,22,,,,,1977,1,1978,21,,,1975.5,-374.3671875
0,14400,SQUID_INK,1976,22,,,,,1979,2,1980,21,,,1977.5,-470.984375
0,14400,KELP,2030,22,,,,,2034,23,,,,,2032,61.484375
0,14400,RAINFOREST_RESIN,10002,4,9996,2,9995,21,10004,2,10005,21,,,10003,182
0,14500,RAINFOREST_RESIN,9996,1,9995,28,,,10002,10,10004,1,10005,28,9999,190
0,14500,SQUID_INK,1976,29,,,,,1978,6,1979,29,,,1977,-456.390625
0,14500,KELP,2030,29,,,,,2032,6,2034,29,,,2031,60.2109375
0,14600,RAINFOREST_RESIN,9996,1,9995,27,,,10004,1,10005,27,,,10000,190
0,14600,SQUID_INK,1976,28,,,,,1977,3,1980,28,,,1976.5,-477.6328125
0,14600,KELP,2030,28,,,,,2031,3,2034,28,,,2030.5,58.5859375
0,14700,KELP,2030,24,,,,,2032,2,2034,24,,,2031,61.0703125
0,14700,RAINFOREST_RESIN,9996,1,9995,23,,,10004,1,10005,23,,,10000,190
0,14700,SQUID_INK,1976,24,,,,,1978,2,1979,24,,,1977,-466.84375
0,14800,SQUID_INK,1977,31,,,,,1979,3,1980,31,,,1978,-495.2578125
0,14800,KELP,2030,31,,,,,2032,3,2034,31,,,2031,59.640625
0,14800,RAINFOREST_RESIN,9996,1,9995,30,,,9998,1,10004,1,10005,30,9997,190
0,14900,RAINFOREST_RESIN,9996,1,9995,25,,,10002,1,10004,1,10005,25,9999,192
0,14900,SQUID_INK,1978,4,1976,26,,,1980,26,,,,,1979,-475.0234375
0,14900,KELP,2032,4,2030,26,,,2034,26,,,,,2033,59.7109375
0,15000,RAINFOREST_RESIN,9996,2,9995,25,,,10004,2,10005,25,,,10000,192
0,15000,SQUID_INK,1977,31,,,,,1980,27,,,,,1978.5,-497.671875
0,15000,KELP,2031,4,2030,27,,,2034,27,,,,,2032.5,58.6640625
0,15100,KELP,2030,21,,,,,2034,21,,,,,2032,61.3515625
0,15100,RAINFOREST_RESIN,9996,1,9995,20,,,9998,1,10004,1,10005,20,9997,192
0,15100,SQUID_INK,1977,21,,,,,1981,21,,,,,1979,-524.9375
0,15200,SQUID_INK,1978,4,1977,6,1976,21,1980,23,,,,,1979,-488.2421875
0,15200,KELP,2031,8,2030,23,,,2034,23,,,,,2032.5,59.3046875
0,15200,RAINFOREST_RESIN,10000,4,9996,2,9995,21,10002,4,10004,2,10005,21,10001,194
0,15300,RAINFOREST_RESIN,9996,2,9995,22,,,10002,7,10004,2,10005,22,9999,194
0,15300,SQUID_INK,1976,2,1975,22,,,1977,6,1979,24,,,1976.5,-434.515625
0,15300,KELP,2030,24,,,,,2032,6,2034,24,,,2031,62.390625
0,15400,RAINFOREST_RESIN,9995,30,,,,,10005,30,,,,,10000,194
0,15400,SQUID_INK,1972,30,,,,,1976,30,,,,,1974,-274.3046875
0,15400,KELP,2030,30,,,,,2034,30,,,,,2032,65.46875
0,15500,KELP,2030,25,,,,,2033,25,,,,,2031.5,38.6640625
0,15500,RAINFOREST_RESIN,9995,25,,,,,9998,11,10005,25,,,9996.5,194
0,15500,SQUID_INK,1972,25,,,,,1976,25,,,,,1974,-281.828125
0,15600,SQUID_INK,1972,23,,,,,1976,23,,,,,1974,-282.3046875
0,15600,KELP,2030,23,,,,,2033,1,2034,22,,,2031.5,54.9296875
0,15600,RAINFOREST_RESIN,9996,1,9995,22,,,10004,1,10005,22,,,10000,216
0,15700,RAINFOREST_RESIN,9996,2,9995,28,,,10004,2,10005,28,,,10000,216
0,15700,SQUID_INK,1972,30,,,,,1974,1,1975,30,,,1973,-266.34375
0,15700,KELP,2030,30,,,,,2032,1,2033,30,,,2031,46.921875
0,15800,RAINFOREST_RESIN,9998,6,9996,2,9995,26,10004,2,10005,26,,,10001,216
0,15800,SQUID_INK,1973,6,1972,26,,,1976,28,,,,,1974.5,-284.0078125
0,15800,KELP,2030,32,,,,,2033,28,,,,,2031.5,49.9140625
0,15900,KELP,2030,21,,,,,2031,3,2033,21,,,2030.5,46.3828125
0,15900,RAINFOREST_RESIN,9996,1,9995,20,,,10002,8,10004,1,10005,20,9999,216
0,15900,SQUID_INK,1970,20,,,,,1971,2,1974,21,,,1970.5,-185.53125
0,16000,SQUID_INK,1968,22,,,,,1970,4,1971,22,,,1969,-56.0625
0,16000,KELP,2030,22,,,,,2032,4,2033,22,,,2031,50.609375
0,16000,RAINFOREST_RESIN,9996,2,9995,20,,,10004,2,10005,20,,,10000,216
0,16100,RAINFOREST_RESIN,9996,1,9995,26,,,10004,1,10005,26,,,10000,216
0,16100,SQUID_INK,1969,26,,,,,1970,1,1971,8,1973,27,1969.5,-134.34375
0,16100,KELP,2030,27,,,,,2031,2,2032,8,2033,27,2030.5,44.5390625
0,16200,RAINFOREST_RESIN,9995,27,,,,,10002,4,10005,27,,,9998.5,216
0,16200,SQUID_INK,1968,26,,,,,1971,27,,,,,1969.5,-60.3828125
0,16200,KELP,2030,26,,,,,2033,27,,,,,2031.5,37.625
0,16300,KELP,2030,22,,,,,2033,22,,,,,2031.5,42.71875
0,16300,RAINFOREST_RESIN,9996,1,9995,21,,,10004,1,10005,21,,,10000,216
0,16300,SQUID_INK,1967,22,,,,,1970,22,,,,,1968.5,-12.09375
0,16400,SQUID_INK,1969,27,,,,,1971,7,1973,27,,,1970,-127.5078125
0,16400,KELP,2030,27,,,,,2032,7,2033,27,,,2031,36.625
0,16400,RAINFOREST_RESIN,9996,2,9995,25,,,10002,6,10004,2,10005,25,9999,216
0,16500,RAINFOREST_RESIN,9995,22,,,,,10005,22,,,,,10000,216
0,16500,SQUID_INK,1968,22,,,,,1970,1,1971,22,,,1969,-59.65625
0,16500,KELP,2030,22,,,,,2032,1,2033,22,,,2031,39.140625
0,16600,RAINFOREST_RESIN,9995,26,,,,,10005,26,,,,,10000,216
0,16600,SQUID_INK,1968,33,,,,,1971,26,,,,,1969.5,-38.9453125
0,16600,KELP,2030,33,,,,,2033,26,,,,,2031.5,27
0,16700,KELP,2030,25,,,,,2033,25,,,,,2031.5,28.5859375
0,16700,RAINFOREST_RESIN,10002,1,9998,2,9995,25,10005,25,,,,,10003.5,216
0,16700,SQUID_INK,1966,25,,,,,1970,25,,,,,1968,24.5078125
0,16800,SQUID_INK,1966,2,1965,27,,,1968,2,1969,25,,,1967,76.140625
0,16800,KELP,2031,2,2030,27,,,2033,27,,,,,2032,33.5546875
0,16800,RAINFOREST_RESIN,10000,2,9996,2,9995,25,10004,2,10005,25,,,10002,218
0,16900,RAINFOREST_RESIN,9996,2,9995,22,,,10004,2,10005,22,,,10000,218
0,16900,SQUID_INK,1966,24,,,,,1969,24,,,,,1967.5,34.484375
0,16900,KELP,2030,24,,,,,2033,24,,,,,2031.5,30.5625
0,17000,RAINFOREST_RESIN,9996,1,9995,25,,,10004,1,10005,25,,,10000,218
0,17000,SQUID_INK,1966,2,1965,25,,,1969,26,,,,,1967.5,62.53125
0,17000,KELP,2030,27,,,,,2033,26,,,,,2031.5,28.140625
0,17100,KELP,2030,27,,,,,2033,27,,,,,2031.5,34.171875
0,17100,RAINFOREST_RESIN,9996,1,9995,26,,,10004,1,10005,26,,,10000,218
0,17100,SQUID_INK,1964,27,,,,,1968,27,,,,,1966,122.640625
0,17200,RAINFOREST_RESIN,9996,1,9995,27,,,10004,1,10005,27,,,10000,218
0,17200,SQUID_INK,1962,5,1961,28,,,1964,28,,,,,1963,281.34375
0,17200,KELP,2030,33,,,,,2033,28,,,,,2031.5,36.6171875
0,17300,SQUID_INK,1963,28,,,,,1965,6,1966,28,,,1964,204.1328125
0,17300,KELP,2030,28,,,,,2032,6,2033,28,,,2031,35.1328125
0,17300,RAINFOREST_RESIN,9996,1,9995,27,,,10004,1,10005,27,,,10000,218
0,17400,RAINFOREST_RESIN,9995,25,,,,,9998,11,10005,25,,,9996.5,218
0,17400,SQUID_INK,1965,3,1964,2,1963,25,1967,25,,,,,1966,178.71875
0,17400,KELP,2032,3,2030,27,,,2033,25,,,,,2032.5,40.6953125
0,17500,SQUID_INK,1961,28,,,,,1964,28,,,,,1962.5,288.5625
0,17500,KELP,2030,28,,,,,2033,28,,,,,2031.5,35.96875
0,17500,RAINFOREST_RESIN,9996,2,9995,26,,,10004,2,10005,26,,,10000,240
0,17600,RAINFOREST_RESIN,9996,1,9995,29,,,10004,1,10005,29,,,10000,240
0,17600,KELP,2030,33,,,,,2033,30,,,,,2031.5,39.125
0,17600,SQUID_INK,1963,4,1962,29,,,1966,30,,,,,1964.5,216.0234375
0,17700,SQUID_INK,1962,22,,,,,1965,22,,,,,1963.5,239.0546875
0,17700,KELP,2030,22,,,,,2033,22,,,,,2031.5,43.234375
0,17700,RAINFOREST_RESIN,9998,2,9995,22,,,10005,22,,,,,10001.5,240
0,17800,SQUID_INK,1963,32,,,,,1965,5,1966,2,1967,30,1964,175.6328125
0,17800,RAINFOREST_RESIN,9996,2,9995,30,,,9998,3,10002,5,10004,2,9997,240
0,17800,KELP,2030,32,,,,,2032,5,2033,32,,,2031,43.7109375
0,17900,SQUID_INK,1964,1,1963,2,1962,21,1965,21,,,,,1964.5,231.40625
0,17900,KELP,2032,1,2031,2,2030,21,2033,21,,,,,2032.5,43.65625
0,17900,RAINFOREST_RESIN,9995,21,,,,,9998,1,10002,3,10005,21,9996.5,246
0,18000,RAINFOREST_RESIN,9995,24,,,,,10005,24,,,,,10000,248
0,18000,KELP,2030,24,,,,,2033,24,,,,,2031.5,46.3125
0,18000,SQUID_INK,1963,24,,,,,1966,24,,,,,1964.5,187.75
0,18100,SQUID_INK,1965,2,1964,28,,,1968,30,,,,,1966.5,113.1328125
0,18100,KELP,2030,30,,,,,2033,30,,,,,2031.5,43.234375
0,18100,RAINFOREST_RESIN,9996,2,9995,28,,,10004,2,10005,28,,,10000,248
0,18200,SQUID_INK,1965,25,,,,,1968,2,1969,23,,,1966.5,78.359375
0,18200,RAINFOREST_RESIN,9996,2,9995,23,,,10002,10,10004,2,10005,23,9999,248
0,18200,KELP,2030,2,2029,23,,,2033,25,,,,,2031.5,19.3515625
0,18300,SQUID_INK,1966,20,,,,,1969,20,,,,,1967.5,50.7265625
0,18300,KELP,2029,20,,,,,2033,20,,,,,2031,15.6484375
0,18300,RAINFOREST_RESIN,9995,20,,,,,10005,20,,,,,10000,248
0,18400,RAINFOREST_RESIN,9996,1,9995,21,,,10004,1,10005,21,,,10000,248
0,18400,KELP,2032,1,2029,22,,,2033,22,,,,,2032.5,17.5625
0,18400,SQUID_INK,1968,1,1966,22,,,1969,22,,,,,1968.5,52.3359375
0,18500,SQUID_INK,1966,23,,,,,1967,1,1969,23,,,1966.5,38.421875
0,18500,KELP,2029,23,,,,,2030,1,2033,23,,,2029.5,15.9921875
0,18500,RAINFOREST_RESIN,9996,2,9995,21,,,10004,2,10005,21,,,10000,248
0,18600,SQUID_INK,1966,13,,,,,1969,22,,,,,1967.5,51.875
0,18600,RAINFOREST_RESIN,9996,1,9995,21,,,10004,1,10005,21,,,10000,248
0,18600,KELP,2029,22,,,,,2030,9,2033,22,,,2029.5,16.0234375
0,18700,SQUID_INK,1964,30,,,,,1967,30,,,,,1965.5,147.6796875
0,18700,KELP,2029,30,,,,,2033,30,,,,,2031,6.765625
0,18700,RAINFOREST_RESIN,10002,1,9995,30,,,10005,30,,,,,10003.5,248
0,18800,RAINFOREST_RESIN,9995,24,,,,,10002,7,10005,24,,,9998.5,250
0,18800,KELP,2029,24,,,,,2033,24,,,,,2031,13.9375
0,18800,SQUID_INK,1963,24,,,,,1966,24,,,,,1964.5,190.0625
0,18900,SQUID_INK,1964,7,1963,25,,,1967,25,,,,,1965.5,172.5625
0,18900,KELP,2030,7,2029,25,,,2033,25,,,,,2031.5,13.34375
0,18900,RAINFOREST_RESIN,10002,1,9995,25,,,10005,25,,,,,10003.5,250
0,19000,SQUID_INK,1964,31,,,,,1968,31,,,,,1966,122.125
0,19000,RAINFOREST_RESIN,9996,1,9995,30,,,10004,1,10005,30,,,10000,252
0,19000,KELP,2029,31,,,,,2033,31,,,,,2031,14.3359375
0,19100,SQUID_INK,1965,23,,,,,1969,23,,,,,1967,73.828125
0,19100,KELP,2030,2,2029,21,,,2033,23,,,,,2031.5,19.40625
0,19100,RAINFOREST_RESIN,9996,2,9995,21,,,10004,2,10005,21,,,10000,252
0,19200,RAINFOREST_RESIN,9995,26,,,,,10002,1,10005,26,,,9998.5,252
0,19200,KELP,2029,26,,,,,2033,26,,,,,2031,21.734375
0,19200,SQUID_INK,1966,26,,,,,1969,26,,,,,1967.5,58.078125
0,19300,SQUID_INK,1966,25,,,,,1969,25,,,,,1967.5,52.2265625
0,19300,KELP,2030,2,2029,23,,,2033,25,,,,,2031.5,19.7421875
0,19300,RAINFOREST_RESIN,9996,2,9995,23,,,9998,6,10004,2,10005,23,9997,252
0,19400,SQUID_INK,1966,26,,,,,1969,26,,,,,1967.5,46.0546875
0,19400,RAINFOREST_RESIN,9996,2,9995,24,,,10002,5,10004,2,10005,24,9999,264
0,19400,KELP,2030,2,2029,24,,,2033,26,,,,,2031.5,20.21875
0,19500,SQUID_INK,1967,23,,,,,1970,23,,,,,1968.5,-4.828125
0,19500,KELP,2030,23,,,,,2033,23,,,,,2031.5,28.34375
0,19500,RAINFOREST_RESIN,9995,23,,,,,10005,23,,,,,10000,264
0,19600,RAINFOREST_RESIN,10002,1,9998,5,9996,1,10004,1,10005,26,,,10003,264
0,19600,KELP,2030,27,,,,,2033,27,,,,,2031.5,37.546875
0,19600,SQUID_INK,1967,27,,,,,1970,27,,,,,1968.5,-19.0390625
0,19700,KELP,2030,31,,,,,2033,31,,,,,2031.5,32.359375
0,19700,SQUID_INK,1968,31,,,,,1972,31,,,,,1970,-77.8125
0,19700,RAINFOREST_RESIN,9996,2,9995,29,,,10004,2,10005,29,,,10000,266
0,19800,KELP,2030,28,,,,,2033,28,,,,,2031.5,30.34375
0,19800,SQUID_INK,1968,2,1967,26,,,1971,28,,,,,1969.5,-35.03125
0,19800,RAINFOREST_RESIN,9996,2,9995,26,,,10004,2,10005,26,,,10000,266
0,19900,SQUID_INK,1971,23,,,,,1974,23,,,,,1972.5,-212.6015625
0,19900,RAINFOREST_RESIN,9996,1,9995,22,,,9998,1,10004,1,10005,22,9997,266
0,19900,KELP,2030,23,,,,,2033,23,,,,,2031.5,30.8203125
0,20000,RAINFOREST_RESIN,9995,26,,,,,9998,1,10005,26,,,9996.5,268
0,20000,KELP,2030,26,,,,,2032,4,2033,26,,,2031,27.8046875
0,20000,SQUID_INK,1971,26,,,,,1973,4,1975,26,,,1972,-224.640625
0,20100,KELP,2030,30,,,,,2032,4,2033,30,,,2031,31.828125
0,20100,SQUID_INK,1969,30,,,,,1971,4,1972,30,,,1970,-89.828125
0,20100,RAINFOREST_RESIN,9996,1,9995,29,,,9998,4,10004,1,10005,29,9997,270
0,20200,KELP,2030,20,,,,,2033,20,,,,,2031.5,41.7265625
0,20200,SQUID_INK,1970,20,,,,,1973,20,,,,,1971.5,-153.1796875
0,20200,RAINFOREST_RESIN,10002,1,9995,20,,,10005,20,,,,,10003.5,278
0,20300,SQUID_INK,1969,24,,,,,1972,24,,,,,1970.5,-110.84375
0,20300,RAINFOREST_RESIN,10002,4,9995,24,,,10005,24,,,,,10003.5,280
0,20300,KELP,2030,24,,,,,2033,24,,,,,2031.5,34.3046875
0,20400,RAINFOREST_RESIN,10002,2,9996,1,9995,27,10004,1,10005,27,,,10003,288
0,20400,KELP,2030,25,,,,,2033,28,,,,,2031.5,31.1953125
0,20400,SQUID_INK,1970,25,,,,,1973,28,,,,,1971.5,-143.75
0,20500,KELP,2030,18,,,,,2033,26,,,,,2031.5,38.203125
0,20500,SQUID_INK,1969,18,,,,,1972,26,,,,,1970.5,-114.4765625
0,20500,RAINFOREST_RESIN,9998,7,9996,1,9995,25,10004,1,10005,25,,,10001,292
0,20600,KELP,2030,25,,,,,2033,25,,,,,2031.5,45.953125
0,20600,SQUID_INK,1970,25,,,,,1973,25,,,,,1971.5,-146.1171875
0,20600,RAINFOREST_RESIN,9996,1,9995,24,,,9998,4,10002,5,10004,1,9997,292
0,20700,SQUID_INK,1972,2,1971,3,1970,30,1974,30,,,,,1973,-180.6484375
0,20700,RAINFOREST_RESIN,9995,30,,,,,10005,30,,,,,10000,300
0,20700,KELP,2032,2,2030,33,,,2033,30,,,,,2032.5,35.6015625
0,20800,RAINFOREST_RESIN,9996,2,9995,24,,,10004,2,10005,24,,,10000,300
0,20800,KELP,2030,26,,,,,2033,26,,,,,2031.5,39.59375
0,20800,SQUID_INK,1970,26,,,,,1973,26,,,,,1971.5,-139.859375
0,20900,KELP,2030,30,,,,,2033,31,,,,,2031.5,39.109375
0,20900,SQUID_INK,1972,1,1971,29,,,1975,31,,,,,1973.5,-236.1640625
0,20900,RAINFOREST_RESIN,9996,2,9995,29,,,10004,2,10005,29,,,10000,300
0,21000,KELP,2030,26,,,,,2033,26,,,,,2031.5,45.3203125
0,21000,SQUID_INK,1972,26,,,,,1975,26,,,,,1973.5,-254.796875
0,21000,RAINFOREST_RESIN,9996,1,9995,25,,,10004,1,10005,25,,,10000,300
0,21100,SQUID_INK,1971,28,,,,,1973,2,1975,28,,,1972,-233.796875
0,21100,RAINFOREST_RESIN,9995,28,,,,,10000,2,10005,28,,,9997.5,300
0,21100,KELP,2030,28,,,,,2031,2,2033,28,,,2030.5,38.640625
0,21200,RAINFOREST_RESIN,9995,29,,,,,9998,1,10005,29,,,9996.5,300
0,21200,KELP,2032,1,2030,29,,,2033,29,,,,,2032.5,42.1875
0,21200,SQUID_INK,1974,1,1972,29,,,1975,29,,,,,1974.5,-265.859375
0,21300,KELP,2030,22,,,,,2032,2,2034,22,,,2031,55.4609375
0,21300,SQUID_INK,1975,22,,,,,1977,2,1978,22,,,1976,-397.09375
0,21300,RAINFOREST_RESIN,9995,22,,,,,10005,22,,,,,10000,302
0,21400,KELP,2031,1,2030,29,,,2034,30,,,,,2032.5,68.6796875
0,21400,SQUID_INK,1975,30,,,,,1978,30,,,,,1976.5,-393.2890625
0,21400,RAINFOREST_RESIN,9996,1,9995,29,,,10004,1,10005,29,,,10000,302
0,21500,RAINFOREST_RESIN,9996,2,9995,28,,,10004,2,10005,28,,,10000,302
0,21500,SQUID_INK,1975,23,,,,,1978,30,,,,,1976.5,-408.4140625
0,21500,KELP,2030,30,,,,,2031,7,2034,30,,,2030.5,59.109375
0,21600,RAINFOREST_RESIN,9998,5,9996,2,9995,20,10004,2,10005,20,,,10001,302
0,21600,KELP,2030,22,,,,,2034,22,,,,,2032,56.65625
0,21600,SQUID_INK,1976,22,,,,,1979,22,,,,,1977.5,-446.453125
0,21700,KELP,2031,4,2030,27,,,2034,27,,,,,2032.5,60.7734375
0,21700,RAINFOREST_RESIN,9996,2,9995,25,,,10004,2,10005,25,,,10000,302
0,21700,SQUID_INK,1977,31,,,,,1980,27,,,,,1978.5,-492.59375
0,21800,KELP,2030,26,,,,,2034,26,,,,,2032,60.296875
0,21800,SQUID_INK,1975,26,,,,,1979,26,,,,,1977,-429.46875
0,21800,RAINFOREST_RESIN,9996,1,9995,25,,,10004,1,10005,25,,,10000,302
0,21900,RAINFOREST_RESIN,9995,27,,,,,10002,3,10005,27,,,9998.5,302
0,21900,SQUID_INK,1976,27,,,,,1980,27,,,,,1978,-487.9453125
0,21900,KELP,2030,27,,,,,2034,27,,,,,2032,61.796875
0,22000,RAINFOREST_RESIN,9996,2,9995,20,,,10004,2,10005,20,,,10000,302
0,22000,SQUID_INK,1977,22,,,,,1980,22,,,,,1978.5,-511.3671875
0,22000,KELP,2030,22,,,,,2034,22,,,,,2032,64.3671875
0,22100,KELP,2031,22,,,,,2033,4,2034,22,,,2032,78.53125
0,22100,RAINFOREST_RESIN,9995,22,,,,,10005,22,,,,,10000,302
0,22100,SQUID_INK,1976,22,,,,,1978,4,1979,22,,,1977,-450.578125
0,22200,SQUID_INK,1977,26,,,,,1980,23,,,,,1978.5,-489.671875
0,22200,KELP,2031,26,,,,,2034,23,,,,,2032.5,77.1875
0,22200,RAINFOREST_RESIN,10002,1,9995,23,,,10005,23,,,,,10003.5,302
0,22300,RAINFOREST_RESIN,9996,2,9995,28,,,10004,2,10005,28,,,10000,304
0,22300,SQUID_INK,1976,30,,,,,1980,30,,,,,1978,-477.140625
0,22300,KELP,2031,30,,,,,2034,30,,,,,2032.5,74.6796875
0,22400,RAINFOREST_RESIN,9996,1,9995,23,,,10002,2,10004,1,10005,23,9999,304
0,22400,SQUID_INK,1976,24,,,,,1979,24,,,,,1977.5,-467.25
0,22400,KELP,2031,24,,,,,2034,24,,,,,2032.5,78.828125
0,22500,KELP,2033,1,2031,27,,,2034,27,,,,,2033.5,79.390625
0,22500,RAINFOREST_RESIN,9998,2,9995,27,,,10005,27,,,,,10001.5,304
0,22500,SQUID_INK,1980,1,1977,27,,,1981,27,,,,,1980.5,-534.765625
0,22600,SQUID_INK,1981,1,1980,4,1979,30,1982,26,,,,,1981.5,-589.40625
0,22600,KELP,2033,1,2032,4,2031,30,2034,26,,,,,2033.5,76.7734375
0,22600,RAINFOREST_RESIN,9998,5,9996,1,9995,25,10004,1,10005,25,,,10001,304
0,22700,RAINFOREST_RESIN,9996,1,9995,25,,,10002,9,10004,1,10005,25,9999,304
0,22700,SQUID_INK,1978,26,,,,,1982,26,,,,,1980,-574.5625
0,22700,KELP,2031,26,,,,,2034,26,,,,,2032.5,75.7890625
0,22800,RAINFOREST_RESIN,10002,1,9996,1,9995,26,10004,1,10005,26,,,10003,304
0,22800,SQUID_INK,1978,27,,,,,1981,27,,,,,1979.5,-556.71875
0,22800,KELP,2031,27,,,,,2034,27,,,,,2032.5,77.4453125
0,22900,KELP,2031,22,,,,,2033,4,2034,23,,,2032,80.8984375
0,22900,RAINFOREST_RESIN,10002,2,9996,1,9995,22,10004,1,10005,22,,,10003,306
0,22900,SQUID_INK,1978,22,,,,,1980,4,1981,23,,,1979,-559.5078125
0,23000,SQUID_INK,1980,1,1978,21,,,1982,21,,,,,1981,-576.75
0,23000,KELP,2033,1,2031,21,,,2034,21,,,,,2033.5,76.2578125
0,23000,RAINFOREST_RESIN,9996,1,9995,20,,,10002,2,10004,1,10005,20,9999,310
0,23100,RAINFOREST_RESIN,9996,2,9995,26,,,10004,2,10005,26,,,10000,310
0,23100,SQUID_INK,1979,7,1978,28,,,1982,28,,,,,1980.5,-578.1875
0,23100,KELP,2031,9,2030,26,,,2034,28,,,,,2032.5,69.15625
0,23200,RAINFOREST_RESIN,9996,1,9995,24,,,10002,4,10004,1,10005,24,9999,310
0,23200,SQUID_INK,1978,26,,,,,1981,25,,,,,1979.5,-564.796875
0,23200,KELP,2031,2,2030,24,,,2034,25,,,,,2032.5,71.0390625
0,23300,KELP,2031,23,,,,,2034,23,,,,,2032.5,74.6171875
0,23300,RAINFOREST_RESIN,9996,2,9995,21,,,10004,2,10005,21,,,10000,310
0,23300,SQUID_INK,1981,23,,,,,1984,23,,,,,1982.5,-706.9375
0,23400,SQUID_INK,1980,30,,,,,1983,30,,,,,1981.5,-645.3671875
0,23400,KELP,2031,1,2030,29,,,2034,30,,,,,2032.5,70.6640625
0,23400,RAINFOREST_RESIN,9996,1,9995,29,,,10004,1,10005,29,,,10000,310
0,23500,RAINFOREST_RESIN,9996,1,9995,30,,,10004,1,10005,30,,,10000,310
0,23500,SQUID_INK,1981,3,1980,31,,,1983,1,1984,30,,,1982,-673.46875
0,23500,KELP,2031,34,,,,,2034,31,,,,,2032.5,80.0234375
0,23600,RAINFOREST_RESIN,9996,2,9995,25,,,10004,2,10005,25,,,10000,310
0,23600,SQUID_INK,1981,1,1980,25,,,1984,27,,,,,1982.5,-683.7890625
0,23600,KELP,2031,26,,,,,2034,27,,,,,2032.5,84.6640625
0,23700,KELP,2033,1,2031,21,,,2034,21,,,,,2033.5,90.5
0,23700,RAINFOREST_RESIN,9996,1,9995,20,,,10004,1,10005,20,,,10000,310
0,23700,SQUID_INK,1983,1,1981,1,1980,20,1984,21,,,,,1983.5,-685.2109375
0,23800,SQUID_INK,1983,22,,,,,1986,22,,,,,1984.5,-800.2421875
0,23800,KELP,2031,22,,,,,2034,22,,,,,2032.5,80.734375
0,23800,RAINFOREST_RESIN,9995,22,,,,,10005,22,,,,,10000,310
0,23900,RAINFOREST_RESIN,9995,27,,,,,10005,27,,,,,10000,310
0,23900,SQUID_INK,1982,27,,,,,1986,27,,,,,1984,-775.890625
0,23900,KELP,2031,27,,,,,2034,27,,,,,2032.5,76.6640625
0,24000,RAINFOREST_RESIN,9995,29,,,,,10005,29,,,,,10000,310
0,24000,SQUID_INK,1984,6,1983,29,,,1987,29,,,,,1985.5,-827.484375
0,24000,KELP,2031,6,2030,29,,,2034,29,,,,,2032.5,70.5859375
0,24100,KELP,2030,22,,,,,2034,22,,,,,2032,60.171875
0,24100,RAINFOREST_RESIN,9996,2,9995,20,,,10004,2,10005,20,,,10000,310
0,24100,SQUID_INK,1984,22,,,,,1987,22,,,,,1985.5,-860.1171875
0,24200,SQUID_INK,1984,24,,,,,1986,8,1987,24,,,1985,-868.9375
0,24200,KELP,2030,24,,,,,2032,8,2034,24,,,2031,56.6875
0,24200,RAINFOREST_RESIN,9996,1,9995,23,,,10002,7,10004,1,10005,23,9999,310
0,24300,RAINFOREST_RESIN,10002,1,9995,27,,,10005,27,,,,,10003.5,310
0,24300,SQUID_INK,1984,26,,,,,1986,5,1987,27,,,1985,-861.53125
0,24300,KELP,2030,26,,,,,2032,5,2034,27,,,2031,59.125
0,24400,RAINFOREST_RESIN,9996,1,9995,28,,,10004,1,10005,28,,,10000,312
0,24400,SQUID_INK,1984,37,,,,,1987,29,,,,,1985.5,-842.671875
0,24400,KELP,2031,8,2030,29,,,2034,29,,,,,2032.5,59.171875
0,24500,KELP,2030,26,,,,,2033,2,2034,24,,,2031.5,54.078125
0,24500,RAINFOREST_RESIN,9996,2,9995,24,,,10002,10,10004,2,10005,24,9999,312
0,24500,SQUID_INK,1984,2,1983,24,,,1987,26,,,,,1985.5,-837.7734375
0,24600,SQUID_INK,1982,24,,,,,1986,24,,,,,1984,-780.890625
0,24600,KELP,2030,24,,,,,2034,24,,,,,2032,60.671875
0,24600,RAINFOREST_RESIN,9996,2,9995,22,,,10002,10,10004,2,10005,22,9999,312
0,24700,RAINFOREST_RESIN,9996,2,9995,20,,,10004,2,10005,20,,,10000,312
0,24700,SQUID_INK,1982,22,,,,,1985,2,1986,20,,,1983.5,-774.140625
0,24700,KELP,2030,22,,,,,2034,22,,,,,2032,58.4609375
0,24800,RAINFOREST_RESIN,9995,28,,,,,10005,28,,,,,10000,312
0,24800,SQUID_INK,1983,28,,,,,1986,28,,,,,1984.5,-808.59375
0,24800,KELP,2030,28,,,,,2034,28,,,,,2032,59.578125
0,24900,KELP,2030,24,,,,,2034,24,,,,,2032,59.609375
0,24900,RAINFOREST_RESIN,9998,7,9995,24,,,10005,24,,,,,10001.5,312
0,24900,SQUID_INK,1982,24,,,,,1985,24,,,,,1983.5,-754.1953125
0,25000,SQUID_INK,1980,28,,,,,1983,28,,,,,1981.5,-649.3828125
0,25000,KELP,2030,28,,,,,2034,28,,,,,2032,60.09375
0,25000,RAINFOREST_RESIN,10002,1,9996,1,9995,27,10004,1,10005,27,,,10003,312
0,25100,RAINFOREST_RESIN,9998,8,9996,1,9995,26,10004,1,10005,26,,,10001,314
0,25100,SQUID_INK,1981,27,,,,,1984,27,,,,,1982.5,-712.515625
0,25100,KELP,2031,1,2030,26,,,2034,27,,,,,2032.5,68.3203125
0,25200,RAINFOREST_RESIN,9996,2,9995,24,,,10000,4,10004,2,10005,24,9998,314
0,25200,SQUID_INK,1980,6,1979,26,,,1981,4,1983,26,,,1980.5,-632.9921875
0,25200,KELP,2031,8,2030,24,,,2032,4,2034,26,,,2031.5,72.8359375
0,25300,KELP,2031,1,2030,21,,,2034,22,,,,,2032.5,71.328125
0,25300,RAINFOREST_RESIN,9998,9,9996,1,9995,21,10004,1,10005,21,,,10001,314
0,25300,SQUID_INK,1978,1,1977,21,,,1981,22,,,,,1979.5,-537.828125
0,25400,SQUID_INK,1978,29,,,,,1981,29,,,,,1979.5,-539.25
0,25400,KELP,2030,29,,,,,2034,29,,,,,2032,66.6640625
0,25400,RAINFOREST_RESIN,10002,3,9996,2,9995,27,10004,2,10005,27,,,10003,314
0,25500,RAINFOREST_RESIN,9996,1,9995,23,,,10004,1,10005,23,,,10000,320
0,25500,SQUID_INK,1977,24,,,,,1979,6,1980,1,1981,23,1978,-520.71875
0,25500,KELP,2030,24,,,,,2032,6,2034,24,,,2031,65.46875
0,25600,RAINFOREST_RESIN,9995,24,,,,,10005,24,,,,,10000,320
0,25600,SQUID_INK,1977,24,,,,,1979,6,1981,24,,,1978,-535.703125
0,25600,KELP,2030,24,,,,,2032,6,2034,24,,,2031,64.8203125
0,25700,KELP,2031,1,2030,24,,,2034,25,,,,,2032.5,68.3671875
0,25700,RAINFOREST_RESIN,9996,1,9995,24,,,10004,1,10005,24,,,10000,320
0,25700,SQUID_INK,1977,25,,,,,1980,25,,,,,1978.5,-494.09375
0,25800,SQUID_INK,1979,29,,,,,1982,29,,,,,1980.5,-603.1953125
0,25800,KELP,2031,29,,,,,2034,29,,,,,2032.5,75.3203125
0,25800,RAINFOREST_RESIN,10002,1,9996,2,9995,27,10004,2,10005,27,,,10003,320
0,25900,SQUID_INK,1979,2,1978,27,,,1982,29,,,,,1980.5,-586.3203125
0,25900,KELP,2031,2,2030,27,,,2034,29,,,,,2032.5,72.1171875
0,25900,RAINFOREST_RESIN,9996,2,9995,27,,,10004,2,10005,27,,,10000,322
0,26000,RAINFOREST_RESIN,9995,27,,,,,10005,27,,,,,10000,322
0,26000,SQUID_INK,1978,1,1976,27,,,1979,27,,,,,1978.5,-469.1484375
0,26000,KELP,2033,1,2031,27,,,2034,27,,,,,2033.5,74.6640625
0,26100,KELP,2033,1,2031,27,,,2034,25,,,,,2033.5,77.1875
0,26100,RAINFOREST_RESIN,10002,1,9998,3,9996,1,10004,1,10005,24,,,10003,322
0,26100,SQUID_INK,1978,1,1976,27,,,1979,25,,,,,1978.5,-455.5078125
0,26200,RAINFOREST_RESIN,10002,1,9996,2,9995,27,10004,2,10005,27,,,10003,324
0,26200,SQUID_INK,1976,29,,,,,1980,29,,,,,1978,-481.03125
0,26200,KELP,2031,29,,,,,2034,29,,,,,2032.5,84.640625
0,26300,SQUID_INK,1978,25,,,,,1981,1,1982,25,,,1979.5,-572.2265625
0,26300,KELP,2031,25,,,,,2034,26,,,,,2032.5,89.7109375
0,26300,RAINFOREST_RESIN,9996,1,9995,25,,,10002,1,10004,1,10005,25,9999,326
0,26400,SQUID_INK,1974,27,,,,,1977,27,,,,,1975.5,-340.90625
0,26400,RAINFOREST_RESIN,9995,27,,,,,10005,27,,,,,10000,326
0,26400,KELP,2031,27,,,,,2034,27,,,,,2032.5,81.4921875
0,26500,SQUID_INK,1978,22,,,,,1982,22,,,,,1980,-581.671875
0,26500,KELP,2031,22,,,,,2034,22,,,,,2032.5,81.9296875
0,26500,RAINFOREST_RESIN,9996,1,9995,21,,,10004,1,10005,21,,,10000,326
0,26600,RAINFOREST_RESIN,9996,2,9995,29,,,9998,4,10004,2,10005,29,9997,326
0,26600,KELP,2031,31,,,,,2034,31,,,,,2032.5,81.2265625
0,26600,SQUID_INK,1976,31,,,,,1979,31,,,,,1977.5,-445.3359375
0,26700,SQUID_INK,1977,1,1975,8,1974,26,1978,26,,,,,1977.5,-381.609375
0,26700,KELP,2033,1,2031,34,,,2034,26,,,,,2033.5,89.265625
0,26700,RAINFOREST_RESIN,9995,26,,,,,10005,26,,,,,10000,334
0,26800,SQUID_INK,1970,20,,,,,1974,20,,,,,1972,-180.3984375
0,26800,RAINFOREST_RESIN,10002,1,9998,7,9995,20,10005,20,,,,,10003.5,334
0,26800,KELP,2031,20,,,,,2034,20,,,,,2032.5,90.7734375
0,26900,SQUID_INK,1968,22,,,,,1971,22,,,,,1969.5,-69.453125
0,26900,KELP,2031,22,,,,,2034,22,,,,,2032.5,89.3046875
0,26900,RAINFOREST_RESIN,9995,22,,,,,10005,22,,,,,10000,336
0,27000,RAINFOREST_RESIN,9998,2,9996,1,9995,26,10004,1,10005,26,,,10001,336
0,27000,KELP,2031,27,,,,,2033,6,2034,27,,,2032,84.6171875
0,27000,SQUID_INK,1970,27,,,,,1972,6,1974,27,,,1971,-180.640625
0,27100,SQUID_INK,1971,1,1969,29,,,1972,2,1973,27,,,1971.5,-122.265625
0,27100,KELP,2033,1,2031,29,,,2034,29,,,,,2033.5,82.609375
0,27100,RAINFOREST_RESIN,9996,2,9995,27,,,9998,1,10002,10,10004,2,9997,336
0,27200,SQUID_INK,1970,1,1969,7,1968,25,1971,25,,,,,1970.5,-68.734375
0,27200,RAINFOREST_RESIN,9998,3,9996,2,9995,23,10004,2,10005,23,,,10001,338
0,27200,KELP,2033,1,2031,32,,,2034,25,,,,,2033.5,85.5234375
0,27300,SQUID_INK,1968,24,,,,,1971,25,,,,,1969.5,-50.0859375
0,27300,KELP,2031,24,,,,,2034,25,,,,,2032.5,86.484375
0,27300,RAINFOREST_RESIN,9995,25,,,,,10002,8,10005,25,,,9998.5,338
0,27400,RAINFOREST_RESIN,9996,1,9995,22,,,9998,3,10004,1,10005,22,9997,338
0,27400,KELP,2032,6,2031,23,,,2034,23,,,,,2033,85.40625
0,27400,SQUID_INK,1969,6,1968,23,,,1971,23,,,,,1970,-68.90625
0,27500,SQUID_INK,1967,30,,,,,1970,30,,,,,1968.5,-10.59375
0,27500,KELP,2031,30,,,,,2034,30,,,,,2032.5,87.4140625
0,27500,RAINFOREST_RESIN,9995,30,,,,,10005,30,,,,,10000,344
0,27600,SQUID_INK,1969,1,1967,34,,,1970,28,,,,,1969.5,0.3046875
0,27600,RAINFOREST_RESIN,9996,2,9995,26,,,10002,4,10004,2,10005,26,9999,344
0,27600,KELP,2033,1,2031,34,,,2034,28,,,,,2033.5,87.375
0,27700,SQUID_INK,1968,32,,,,,1971,32,,,,,1969.5,-58.421875
0,27700,KELP,2031,32,,,,,2034,32,,,,,2032.5,86.3359375
0,27700,RAINFOREST_RESIN,9996,2,9995,30,,,10004,2,10005,30,,,10000,344
0,27800,RAINFOREST_RESIN,9998,2,9996,2,9995,20,10004,2,10005,20,,,10001,344
0,27800,KELP,2031,27,,,,,2034,22,,,,,2032.5,80.5234375
0,27800,SQUID_INK,1970,7,1969,20,,,1973,22,,,,,1971.5,-137.0390625
0,27900,SQUID_INK,1970,29,,,,,1972,8,1973,29,,,1971,-167.6875
0,27900,KELP,2031,29,,,,,2033,8,2034,29,,,2032,83.1171875
0,27900,RAINFOREST_RESIN,9995,29,,,,,10005,29,,,,,10000,344
0,28000,SQUID_INK,1971,26,,,,,1974,22,,,,,1972.5,-206.46875
0,28000,RAINFOREST_RESIN,9995,22,,,,,10005,22,,,,,10000,344
0,28000,KELP,2031,26,,,,,2034,22,,,,,2032.5,89.1875
0,28100,SQUID_INK,1971,21,,,,,1974,21,,,,,1972.5,-214.5625
0,28100,KELP,2031,21,,,,,2034,21,,,,,2032.5,86.6953125
0,28100,RAINFOREST_RESIN,9996,1,9995,20,,,10004,1,10005,20,,,10000,344
0,28200,RAINFOREST_RESIN,9995,23,,,,,10005,23,,,,,10000,344
0,28200,KELP,2031,23,,,,,2034,23,,,,,2032.5,84.7109375
0,28200,SQUID_INK,1970,23,,,,,1974,23,,,,,1972,-172.84375
0,28300,SQUID_INK,1971,30,,,,,1974,2,1975,28,,,1972.5,-220.796875
0,28300,KELP,2031,30,,,,,2034,30,,,,,2032.5,88.203125
0,28300,RAINFOREST_RESIN,9996,2,9995,28,,,10004,2,10005,28,,,10000,344
0,28400,SQUID_INK,1971,20,,,,,1975,20,,,,,1973,-228.2578125
0,28400,RAINFOREST_RESIN,9995,20,,,,,10002,8,10005,20,,,9998.5,344
0,28400,KELP,2031,20,,,,,2034,20,,,,,2032.5,89.6640625
0,28500,SQUID_INK,1971,5,1970,28,,,1974,30,,,,,1972.5,-187.0234375
0,28500,KELP,2031,33,,,,,2034,30,,,,,2032.5,91.65625
0,28500,RAINFOREST_RESIN,9996,2,9995,28,,,10004,2,10005,28,,,10000,344
0,28600,RAINFOREST_RESIN,9996,2,9995,26,,,10000,5,10002,5,10004,2,9998,344
0,28600,KELP,2031,27,,,,,2032,5,2034,28,,,2031.5,85.9921875
0,28600,SQUID_INK,1971,27,,,,,1972,5,1974,28,,,1971.5,-210.09375
0,28700,KELP,2031,23,,,,,2034,24,,,,,2032.5,73.09375
0,28700,SQUID_INK,1971,23,,,,,1974,24,,,,,1972.5,-197.125
0,28700,RAINFOREST_RESIN,9998,8,9996,2,9995,22,10004,2,10005,22,,,10001,344
0,28800,KELP,2031,21,,,,,2034,21,,,,,2032.5,76.1015625
0,28800,SQUID_INK,1970,21,,,,,1973,21,,,,,1971.5,-152.2265625
0,28800,RAINFOREST_RESIN,9995,21,,,,,10002,8,10005,21,,,9998.5,344
0,28900,SQUID_INK,1971,1,1970,23,,,1974,23,,,,,1972.5,-181.1640625
0,28900,RAINFOREST_RESIN,9996,1,9995,22,,,10002,5,10004,1,10005,22,9999,344
0,28900,KELP,2031,24,,,,,2034,23,,,,,2032.5,74.6171875
0,29000,RAINFOREST_RESIN,10002,1,9996,2,9995,24,10004,2,10005,24,,,10003,344
0,29000,KELP,2031,26,,,,,2034,26,,,,,2032.5,73.1484375
0,29000,SQUID_INK,1970,26,,,,,1973,26,,,,,1971.5,-151.9375
0,29100,KELP,2030,23,,,,,2034,23,,,,,2032,62.5546875
0,29100,SQUID_INK,1971,23,,,,,1974,23,,,,,1972.5,-209.15625
0,29100,RAINFOREST_RESIN,9995,23,,,,,10002,2,10005,23,,,9998.5,346
0,29200,KELP,2031,1,2030,22,,,2034,23,,,,,2032.5,68.078125
0,29200,SQUID_INK,1970,23,,,,,1973,23,,,,,1971.5,-138.4765625
0,29200,RAINFOREST_RESIN,9996,1,9995,22,,,10004,1,10005,22,,,10000,346
0,29300,SQUID_INK,1972,23,,,,,1975,23,,,,,1973.5,-251.484375
0,29300,RAINFOREST_RESIN,9996,1,9995,22,,,10004,1,10005,22,,,10000,346
0,29300,KELP,2030,23,,,,,2034,23,,,,,2032,64.546875
0,29400,RAINFOREST_RESIN,9996,2,9995,23,,,10002,4,10004,2,10005,23,9999,346
0,29400,KELP,2030,25,,,,,2033,2,2034,23,,,2031.5,54.9609375
0,29400,SQUID_INK,1970,25,,,,,1974,25,,,,,1972,-179.59375
0,29500,KELP,2030,19,,,,,2033,20,,,,,2031.5,48.84375
0,29500,SQUID_INK,1970,19,,,,,1973,20,,,,,1971.5,-145.8046875
0,29500,RAINFOREST_RESIN,9998,6,9995,20,,,10005,20,,,,,10001.5,346
0,29600,KELP,2030,27,,,,,2031,4,2033,1,2034,26,2030.5,51.7734375
0,29600,SQUID_INK,1970,27,,,,,1971,4,1973,27,,,1970.5,-168.5703125
0,29600,RAINFOREST_RESIN,9996,1,9995,26,,,10000,4,10004,1,10005,26,9998,346
0,29700,SQUID_INK,1970,23,,,,,1972,8,1973,23,,,1971,-164.5546875
0,29700,RAINFOREST_RESIN,9996,1,9995,22,,,10002,7,10004,1,10005,22,9999,346
0,29700,KELP,2030,23,,,,,2032,8,2033,1,2034,22,2031,55.8359375
0,29800,RAINFOREST_RESIN,9995,25,,,,,10005,25,,,,,10000,346
0,29800,KELP,2032,1,2030,29,,,2034,25,,,,,2033,52.2734375
0,29800,SQUID_INK,1971,1,1970,4,1969,25,1972,25,,,,,1971.5,-118.96875
0,29900,KELP,2030,32,,,,,2034,32,,,,,2032,58.3359375
0,29900,SQUID_INK,1968,32,,,,,1972,32,,,,,1970,-80.0625
0,29900,RAINFOREST_RESIN,9996,2,9995,30,,,10004,2,10005,30,,,10000,346
0,30000,KELP,2031,4,2030,25,,,2034,25,,,,,2032.5,59.265625
0,30000,SQUID_INK,1968,4,1967,25,,,1970,2,1971,23,,,1969,-24.5
0,30000,RAINFOREST_RESIN,9998,10,9996,2,9995,23,10004,2,10005,23,,,10001,346
0,30100,SQUID_INK,1968,21,,,,,1971,21,,,,,1969.5,-65.765625
0,30100,RAINFOREST_RESIN,9996,1,9995,20,,,10004,1,10005,20,,,10000,346
0,30100,KELP,2030,21,,,,,2033,1,2034,20,,,2031.5,52.0859375
0,30200,RAINFOREST_RESIN,9996,2,9995,28,,,9998,1,10002,8,10004,2,9997,346
0,30200,KELP,2030,30,,,,,2033,2,2034,28,,,2031.5,55.296875
0,30200,SQUID_INK,1967,2,1966,28,,,1970,30,,,,,1968.5,13.5234375
0,30300,KELP,2030,31,,,,,2032,1,2033,31,,,2031,49.6796875
0,30300,SQUID_INK,1968,31,,,,,1970,1,1971,31,,,1969,-58.578125
0,30300,RAINFOREST_RESIN,10002,4,9996,2,9995,29,10004,2,10005,29,,,10003,348
0,30400,KELP,2032,2,2030,30,,,2033,30,,,,,2032.5,49.03125
0,30400,SQUID_INK,1968,2,1966,30,,,1969,30,,,,,1968.5,49.828125
0,30400,RAINFOREST_RESIN,9995,30,,,,,10005,30,,,,,10000,356
0,30500,RAINFOREST_RESIN,9996,2,9995,28,,,10004,2,10005,28,,,10000,356
0,30500,SQUID_INK,1962,35,,,,,1965,30,,,,,1963.5,250.375
0,30500,KELP,2030,35,,,,,2033,30,,,,,2031.5,41.8671875
0,30600,RAINFOREST_RESIN,10002,1,9996,2,9995,30,10004,2,10005,30,,,10003,356
0,30600,KELP,2030,32,,,,,2032,7,2033,32,,,2031,41.296875
0,30600,SQUID_INK,1964,32,,,,,1966,7,1967,32,,,1965,135.015625
0,30700,KELP,2030,29,,,,,2033,29,,,,,2031.5,41.3046875
0,30700,RAINFOREST_RESIN,9996,2,9995,27,,,10004,2,10005,27,,,10000,358
0,30700,SQUID_INK,1960,29,,,,,1963,29,,,,,1961.5,349.640625
0,30800,SQUID_INK,1963,2,1962,29,,,1966,31,,,,,1964.5,213.9296875
0,30800,KELP,2030,31,,,,,2033,31,,,,,2031.5,38.828125
0,30800,RAINFOREST_RESIN,9998,8,9996,2,9995,29,10004,2,10005,29,,,10001,358
0,30900,RAINFOREST_RESIN,9995,21,,,,,10005,21,,,,,10000,358
0,30900,SQUID_INK,1961,21,,,,,1963,7,1965,21,,,1962,266.8359375
0,30900,KELP,2030,21,,,,,2032,7,2033,21,,,2031,38.3125
0,31000,RAINFOREST_RESIN,9996,2,9995,26,,,10002,2,10004,2,10005,26,9999,358
0,31000,SQUID_INK,1964,6,1962,28,,,1966,28,,,,,1965,221.5234375
0,31000,KELP,2032,6,2030,28,,,2033,28,,,,,2032.5,43.40625
0,31100,KELP,2030,14,,,,,2033,23,,,,,2031.5,46.4140625
0,31100,RAINFOREST_RESIN,10002,1,9995,23,,,10005,23,,,,,10003.5,358
0,31100,SQUID_INK,1961,23,,,,,1962,9,1965,23,,,1961.5,271.8515625
0,31200,SQUID_INK,1963,21,,,,,1965,8,1966,1,1967,21,1964,179.25
0,31200,KELP,2030,21,,,,,2032,8,2033,22,,,2031,48.0390625
0,31200,RAINFOREST_RESIN,9996,1,9995,21,,,10002,6,10004,1,10005,21,9999,360
0,31300,RAINFOREST_RESIN,9996,2,9995,20,,,10004,2,10005,20,,,10000,360
0,31300,SQUID_INK,1963,22,,,,,1966,22,,,,,1964.5,191.5
0,31300,KELP,2030,22,,,,,2033,22,,,,,2031.5,40.859375
0,31400,RAINFOREST_RESIN,9995,22,,,,,10005,22,,,,,10000,360
0,31400,SQUID_INK,1962,22,,,,,1965,22,,,,,1963.5,254.7578125
0,31400,KELP,2030,22,,,,,2033,22,,,,,2031.5,43.3671875
0,31500,KELP,2030,22,,,,,2033,22,,,,,2031.5,43.40625
0,31500,RAINFOREST_RESIN,9996,1,9995,21,,,10004,1,10005,21,,,10000,360
0,31500,SQUID_INK,1964,22,,,,,1967,1,1968,21,,,1965.5,128.875
0,31600,SQUID_INK,1963,24,,,,,1967,24,,,,,1965,173.109375
0,31600,KELP,2030,24,,,,,2033,24,,,,,2031.5,44.90625
0,31600,RAINFOREST_RESIN,9995,24,,,,,9998,3,10005,24,,,9996.5,360
0,31700,RAINFOREST_RESIN,9995,29,,,,,10002,3,10005,29,,,9998.5,366
0,31700,SQUID_INK,1963,29,,,,,1966,29,,,,,1964.5,188.8515625
0,31700,KELP,2030,29,,,,,2033,29,,,,,2031.5,45.359375
0,31800,RAINFOREST_RESIN,9996,2,9995,22,,,10002,2,10004,2,10005,22,9999,366
0,31800,SQUID_INK,1964,2,1963,24,,,1966,24,,,,,1965,210.9765625
0,31800,KELP,2032,2,2030,24,,,2033,24,,,,,2032.5,47.9765625
0,31900,KELP,2030,34,,,,,2033,28,,,,,2031.5,47.421875
0,31900,RAINFOREST_RESIN,9996,2,9995,26,,,10004,2,10005,26,,,10000,366
0,31900,SQUID_INK,1965,6,1964,28,,,1968,28,,,,,1966.5,124.40625
0,32000,SQUID_INK,1962,22,,,,,1965,22,,,,,1963.5,232.8125
0,32000,KELP,2030,22,,,,,2033,22,,,,,2031.5,42.234375
0,32000,RAINFOREST_RESIN,9996,2,9995,20,,,10002,10,10004,2,10005,20,9999,366
0,32100,RAINFOREST_RESIN,9998,9,9995,25,,,10005,25,,,,,10001.5,366
0,32100,SQUID_INK,1962,25,,,,,1965,25,,,,,1963.5,256.9765625
0,32100,KELP,2030,25,,,,,2033,25,,,,,2031.5,43.15625
0,32200,RAINFOREST_RESIN,9996,1,9995,24,,,10002,5,10004,1,10005,24,9999,366
0,32200,SQUID_INK,1961,25,,,,,1964,25,,,,,1962.5,288.7890625
0,32200,KELP,2030,25,,,,,2033,25,,,,,2031.5,38.9921875
0,32300,KELP,2031,3,2030,32,,,2033,32,,,,,2032,33.859375
0,32300,RAINFOREST_RESIN,10000,3,9996,2,9995,30,10004,2,10005,30,,,10002,366
0,32300,SQUID_INK,1960,3,1959,32,,,1962,32,,,,,1961,394.3671875
0,32400,SQUID_INK,1958,29,,,,,1962,29,,,,,1960,420.5703125
0,32400,KELP,2029,29,,,,,2033,29,,,,,2031,14.21875
0,32400,RAINFOREST_RESIN,9998,2,9995,29,,,10005,29,,,,,10001.5,366
0,32500,RAINFOREST_RESIN,10002,1,9996,2,9995,24,10004,2,10005,24,,,10003,366
0,32500,SQUID_INK,1959,27,,,,,1962,26,,,,,1960.5,386.390625
0,32500,KELP,2030,1,2029,26,,,2033,26,,,,,2031.5,13.84375
0,32600,RAINFOREST_RESIN,9998,1,9996,2,9995,26,10004,2,10005,26,,,10001,368
0,32600,SQUID_INK,1958,28,,,,,1961,2,1962,26,,,1959.5,427.9765625
0,32600,KELP,2029,28,,,,,2033,28,,,,,2031,9.7734375
0,32700,KELP,2029,32,,,,,2032,32,,,,,2030.5,0.0078125
0,32700,RAINFOREST_RESIN,9996,2,9995,30,,,10004,2,10005,30,,,10000,368
0,32700,SQUID_INK,1958,32,,,,,1961,32,,,,,1959.5,446.71875
0,32800,SQUID_INK,1957,29,,,,,1960,29,,,,,1958.5,501.5703125
0,32800,KELP,2029,29,,,,,2033,29,,,,,2031,11.2109375
0,32800,RAINFOREST_RESIN,9995,29,,,,,10005,29,,,,,10000,368
0,32900,RAINFOREST_RESIN,9996,1,9995,20,,,10002,10,10004,1,10005,20,9999,368
0,32900,SQUID_INK,1956,21,,,,,1960,21,,,,,1958,517.2265625
0,32900,KELP,2030,21,,,,,2033,21,,,,,2031.5,33.140625
0,33000,RAINFOREST_RESIN,9998,2,9995,28,,,10005,28,,,,,10001.5,368
0,33000,SQUID_INK,1956,28,,,,,1958,4,1959,28,,,1957,545.2734375
0,33000,KELP,2030,28,,,,,2032,4,2033,28,,,2031,24.5078125
0,33100,KELP,2030,26,,,,,2033,26,,,,,2031.5,26.6171875
0,33100,RAINFOREST_RESIN,9996,1,9995,25,,,10004,1,10005,25,,,10000,368
0,33100,SQUID_INK,1955,26,,,,,1958,26,,,,,1956.5,590.2265625
0,33200,SQUID_INK,1955,24,,,,,1957,5,1958,24,,,1956,604.84375
0,33200,KELP,2030,24,,,,,2032,5,2033,24,,,2031,31.15625
0,33200,RAINFOREST_RESIN,9996,1,9995,23,,,10004,1,10005,23,,,10000,368
0,33300,RAINFOREST_RESIN,9996,1,9995,30,,,10002,1,10004,1,10005,30,9999,368
0,33300,SQUID_INK,1954,31,,,,,1957,1,1958,30,,,1955.5,628.296875
0,33300,KELP,2030,31,,,,,2033,31,,,,,2031.5,28.5703125
0,33400,RAINFOREST_RESIN,9995,20,,,,,10005,20,,,,,10000,368
0,33400,SQUID_INK,1955,20,,,,,1957,2,1958,20,,,1956,597.0859375
0,33400,KELP,2030,20,,,,,2032,2,2033,20,,,2031,27.125
0,33500,KELP,2030,23,,,,,2033,23,,,,,2031.5,36.265625
0,33500,RAINFOREST_RESIN,9996,2,9995,21,,,10002,4,10004,2,10005,21,9999,368
0,33500,SQUID_INK,1955,23,,,,,1958,23,,,,,1956.5,611.7421875
0,33600,SQUID_INK,1955,27,,,,,1958,27,,,,,1956.5,592.4375
0,33600,KELP,2030,27,,,,,2033,27,,,,,2031.5,31.828125
0,33600,RAINFOREST_RESIN,9995,27,,,,,9998,2,10005,27,,,9996.5,368
0,33700,RAINFOREST_RESIN,9996,1,9995,25,,,10004,1,10005,25,,,10000,372
0,33700,SQUID_INK,1957,26,,,,,1959,6,1960,26,,,1958,501.5390625
0,33700,KELP,2030,26,,,,,2032,6,2033,26,,,2031,34
0,33800,RAINFOREST_RESIN,9995,21,,,,,10002,4,10005,21,,,9998.5,372
0,33800,SQUID_INK,1957,21,,,,,1960,21,,,,,1958.5,486.125
0,33800,KELP,2029,21,,,,,2033,21,,,,,2031,16.6640625
0,33900,KELP,2029,28,,,,,2033,28,,,,,2031,10.921875
0,33900,RAINFOREST_RESIN,9996,1,9995,27,,,10004,1,10005,27,,,10000,372
0,33900,SQUID_INK,1956,28,,,,,1959,28,,,,,1957.5,543.5234375
0,34000,SQUID_INK,1959,1,1957,2,1956,28,1960,30,,,,,1959.5,512.578125
0,34000,KELP,2032,1,2029,30,,,2033,30,,,,,2032.5,15.03125
0,34000,RAINFOREST_RESIN,9996,2,9995,28,,,10004,2,10005,28,,,10000,372
0,34100,RAINFOREST_RESIN,9996,2,9995,25,,,10004,2,10005,25,,,10000,372
0,34100,SQUID_INK,1957,27,,,,,1960,27,,,,,1958.5,502.0390625
0,34100,KELP,2029,27,,,,,2033,27,,,,,2031,15.71875
0,34200,RAINFOREST_RESIN,9996,2,9995,30,,,10002,2,10004,2,10005,30,9999,372
0,34200,SQUID_INK,1957,32,,,,,1960,32,,,,,1958.5,496.09375
0,34200,KELP,2029,32,,,,,2033,32,,,,,2031,11.078125
0,34300,KELP,2029,28,,,,,2033,29,,,,,2031,18.2109375
0,34300,RAINFOREST_RESIN,9996,1,9995,28,,,10004,1,10005,28,,,10000,372
0,34300,SQUID_INK,1957,28,,,,,1960,29,,,,,1958.5,499.8671875
0,34400,SQUID_INK,1957,30,,,,,1960,30,,,,,1958.5,501.7265625
0,34400,KELP,2030,30,,,,,2033,30,,,,,2031.5,23.6953125
0,34400,RAINFOREST_RESIN,9996,2,9995,28,,,10004,2,10005,28,,,10000,372
0,34500,RAINFOREST_RESIN,9996,2,9995,22,,,10004,2,10005,22,,,10000,372
0,34500,SQUID_INK,1957,2,1956,22,,,1960,24,,,,,1958.5,515.6796875
0,34500,KELP,2030,24,,,,,2033,24,,,,,2031.5,27.8359375
0,34600,RAINFOREST_RESIN,9995,24,,,,,10005,24,,,,,10000,372
0,34600,SQUID_INK,1957,24,,,,,1960,24,,,,,1958.5,482.8984375
0,34600,KELP,2030,24,,,,,2033,24,,,,,2031.5,30.4140625
0,34700,KELP,2030,9,2029,23,,,2033,25,,,,,2031.5,18.59375
0,34700,RAINFOREST_RESIN,9996,2,9995,23,,,10004,2,10005,23,,,10000,372
0,34700,SQUID_INK,1959,7,1958,25,,,1962,25,,,,,1960.5,419.1875
0,34800,RAINFOREST_RESIN,9998,3,9996,2,9995,22,10004,2,10005,22,,,10001,372
0,34800,SQUID_INK,1958,24,,,,,1959,10,1962,24,,,1958.5,421.8984375
0,34800,KELP,2029,24,,,,,2030,10,2033,24,,,2029.5,12.40625
0,34900,SQUID_INK,1959,24,,,,,1962,24,,,,,1960.5,399.1953125
0,34900,KELP,2029,24,,,,,2033,24,,,,,2031,14.3515625
0,34900,RAINFOREST_RESIN,9995,24,,,,,10005,24,,,,,10000,372
0,35000,RAINFOREST_RESIN,9995,29,,,,,10005,29,,,,,10000,372
0,35000,SQUID_INK,1959,29,,,,,1962,29,,,,,1960.5,391.71875
0,35000,KELP,2029,29,,,,,2033,29,,,,,2031,17.484375
0,35100,KELP,2030,23,,,,,2033,23,,,,,2031.5,35.2734375
0,35100,RAINFOREST_RESIN,9996,2,9995,21,,,10004,2,10005,21,,,10000,372
0,35100,SQUID_INK,1958,2,1957,21,,,1961,23,,,,,1959.5,466.6796875
0,35200,RAINFOREST_RESIN,9995,24,,,,,10005,24,,,,,10000,372
0,35200,SQUID_INK,1958,24,,,,,1960,3,1961,24,,,1959,433.2890625
0,35200,KELP,2030,24,,,,,2032,3,2033,24,,,2031,43.609375
0,35300,SQUID_INK,1960,8,1959,23,,,1962,1,1963,22,,,1961,376.078125
0,35300,KELP,2031,8,2030,23,,,2033,1,2034,22,,,2032,53.2734375
0,35300,RAINFOREST_RESIN,9998,8,9996,1,9995,22,10004,1,10005,22,,,10001,372
0,35400,SQUID_INK,1957,27,,,,,1960,27,,,,,1958.5,482.7109375
0,35400,RAINFOREST_RESIN,10002,1,9996,2,9995,25,10004,2,10005,25,,,10003,372
0,35400,KELP,2030,27,,,,,2033,27,,,,,2031.5,48.7109375
0,35500,SQUID_INK,1958,2,1957,27,,,1961,29,,,,,1959.5,464.6953125
0,35500,KELP,2030,29,,,,,2033,2,2034,27,,,2031.5,52.3203125
0,35500,RAINFOREST_RESIN,9996,2,9995,27,,,10004,2,10005,27,,,10000,374
0,35600,RAINFOREST_RESIN,9996,1,9995,23,,,10002,3,10004,1,10005,23,9999,374
0,35600,KELP,2030,24,,,,,2033,1,2034,23,,,2031.5,52.3203125
0,35600,SQUID_INK,1957,24,,,,,1960,24,,,,,1958.5,507.796875
0,35700,SQUID_INK,1956,31,,,,,1960,31,,,,,1958,520.125
0,35700,KELP,2030,31,,,,,2033,2,2034,29,,,2031.5,53.40625
0,35700,RAINFOREST_RESIN,9996,2,9995,29,,,10002,9,10004,2,10005,29,9999,374
0,35800,SQUID_INK,1957,29,,,,,1960,23,,,,,1958.5,506.5625
0,35800,RAINFOREST_RESIN,9996,2,9995,21,,,10004,2,10005,21,,,10000,374
0,35800,KELP,2031,6,2030,23,,,2033,2,2034,21,,,2032,54.75
0,35900,SQUID_INK,1958,30,,,,,1961,30,,,,,1959.5,444.7421875
0,35900,KELP,2030,30,,,,,2034,30,,,,,2032,56.140625
0,35900,RAINFOREST_RESIN,9996,2,9995,28,,,10004,2,10005,28,,,10000,374
0,36000,RAINFOREST_RESIN,9995,30,,,,,10000,2,10002,9,10005,30,9997.5,374
0,36000,KELP,2030,30,,,,,2031,2,2032,2,2034,30,2030.5,51.5703125
0,36000,SQUID_INK,1957,30,,,,,1958,2,1959,2,1961,30,1957.5,471.484375
0,36100,SQUID_INK,1957,23,,,,,1959,6,1960,23,,,1958,492.328125
0,36100,KELP,2030,23,,,,,2032,6,2033,23,,,2031,50.140625
0,36100,RAINFOREST_RESIN,9998,7,9996,2,9995,21,10004,2,10005,21,,,10001,374
0,36200,SQUID_INK,1955,30,,,,,1958,30,,,,,1956.5,602.9453125
0,36200,RAINFOREST_RESIN,9998,5,9996,1,9995,29,10004,1,10005,29,,,10001,374
0,36200,KELP,2030,30,,,,,2033,30,,,,,2031.5,50.1171875
0,36300,SQUID_INK,1957,1,1956,30,,,1960,31,,,,,1958.5,515.1484375
0,36300,KELP,2030,31,,,,,2033,31,,,,,2031.5,44.4921875
0,36300,RAINFOREST_RESIN,9996,1,9995,30,,,10004,1,10005,30,,,10000,374
0,36400,RAINFOREST_RESIN,9996,1,9995,28,,,10002,8,10004,1,10005,28,9999,374
0,36400,KELP,2030,30,,,,,2033,29,,,,,2031.5,37.8125
0,36400,SQUID_INK,1960,1,1959,29,,,1962,1,1963,28,,,1961,377.6875
0,36500,SQUID_INK,1958,28,,,,,1961,29,,,,,1959.5,437.9375
0,36500,KELP,2029,28,,,,,2033,29,,,,,2031,8.6640625
0,36500,RAINFOREST_RESIN,9996,2,9995,27,,,10004,2,10005,27,,,10000,374
0,36600,SQUID_INK,1958,31,,,,,1959,2,1961,31,,,1958.5,444.2109375
0,36600,RAINFOREST_RESIN,9996,1,9995,30,,,10000,2,10004,1,10005,30,9998,374
0,36600,KELP,2030,1,2029,30,,,2031,2,2033,31,,,2030.5,19.8671875
0,36700,SQUID_INK,1957,22,,,,,1961,22,,,,,1959,471.3515625
0,36700,KELP,2030,22,,,,,2033,22,,,,,2031.5,27.0546875
0,36700,RAINFOREST_RESIN,10002,1,9996,1,9995,21,10004,1,10005,21,,,10003,374
0,36800,RAINFOREST_RESIN,9996,2,9995,23,,,10004,2,10005,23,,,10000,376
0,36800,KELP,2030,25,,,,,2033,25,,,,,2031.5,31.03125
0,36800,SQUID_INK,1959,25,,,,,1962,25,,,,,1960.5,392.1328125
0,36900,SQUID_INK,1959,22,,,,,1963,22,,,,,1961,375.59375
0,36900,KELP,2029,22,,,,,2033,22,,,,,2031,12.5859375
0,36900,RAINFOREST_RESIN,9998,6,9995,22,,,10005,22,,,,,10001.5,376
0,37000,SQUID_INK,1960,22,,,,,1963,2,1964,20,,,1961.5,327.1328125
0,37000,RAINFOREST_RESIN,9996,2,9995,20,,,10004,2,10005,20,,,10000,376
0,37000,KELP,2029,22,,,,,2033,22,,,,,2031,12.625
0,37100,SQUID_INK,1962,5,1961,24,,,1964,24,,,,,1963,302.125
0,37100,KELP,2031,5,2029,24,,,2033,24,,,,,2032,13.3046875
0,37100,RAINFOREST_RESIN,10000,5,9995,24,,,10005,24,,,,,10002.5,376
0,37200,RAINFOREST_RESIN,9996,2,9995,27,,,10004,2,10005,27,,,10000,376
0,37200,KELP,2029,29,,,,,2033,29,,,,,2031,13.0390625
0,37200,SQUID_INK,1960,29,,,,,1964,29,,,,,1962,317.265625
0,37300,SQUID_INK,1957,23,,,,,1959,4,1960,23,,,1958,498.953125
0,37300,KELP,2029,23,,,,,2031,4,2033,23,,,2030,17.0546875
0,37300,RAINFOREST_RESIN,9996,1,9995,22,,,10004,1,10005,22,,,10000,376
0,37400,SQUID_INK,1958,26,,,,,1961,22,,,,,1959.5,442.765625
0,37400,RAINFOREST_RESIN,9995,22,,,,,10005,22,,,,,10000,376
0,37400,KELP,2030,4,2029,22,,,2033,22,,,,,2031.5,15.5390625
0,37500,SQUID_INK,1958,5,1956,31,,,1960,31,,,,,1959,520.8046875
0,37500,RAINFOREST_RESIN,10000,5,9996,1,9995,30,10004,1,10005,30,,,10002,376
0,37500,KELP,2031,5,2030,31,,,2033,31,,,,,2032,23.1796875
0,37600,RAINFOREST_RESIN,9996,1,9995,24,,,10004,1,10005,24,,,10000,376
0,37600,KELP,2029,25,,,,,2031,5,2033,25,,,2030,17.1953125
0,37600,SQUID_INK,1957,25,,,,,1959,5,1960,1,1961,24,1958,479.0234375
0,37700,KELP,2029,20,,,,,2033,20,,,,,2031,18.2734375
0,37700,SQUID_INK,1957,20,,,,,1960,20,,,,,1958.5,503.375
0,37700,RAINFOREST_RESIN,10002,1,9995,20,,,10005,20,,,,,10003.5,376
0,37800,KELP,2030,2,2029,23,,,2033,25,,,,,2031.5,21.8046875
0,37800,SQUID_INK,1957,25,,,,,1960,25,,,,,1958.5,496.0390625
0,37800,RAINFOREST_RESIN,9996,2,9995,23,,,10004,2,10005,23,,,10000,378
0,37900,SQUID_INK,1957,29,,,,,1960,29,,,,,1958.5,505.390625
0,37900,RAINFOREST_RESIN,9996,2,9995,27,,,10004,2,10005,27,,,10000,378
0,37900,KELP,2030,29,,,,,2033,29,,,,,2031.5,29.6484375
0,38000,RAINFOREST_RESIN,9998,3,9995,30,,,10005,30,,,,,10001.5,378
0,38000,KELP,2030,30,,,,,2033,30,,,,,2031.5,26.1171875
0,38000,SQUID_INK,1956,30,,,,,1960,30,,,,,1958,524.53125
0,38100,KELP,2030,29,,,,,2032,4,2033,29,,,2031,27.109375
0,38100,SQUID_INK,1955,29,,,,,1957,4,1958,29,,,1956,581.5
0,38100,RAINFOREST_RESIN,9998,4,9996,1,9995,28,10004,1,10005,28,,,10001,378
0,38200,KELP,2030,31,,,,,2033,31,,,,,2031.5,32.0546875
0,38200,SQUID_INK,1955,31,,,,,1958,2,1959,29,,,1956.5,577.0390625
0,38200,RAINFOREST_RESIN,9998,4,9996,2,9995,29,10004,2,10005,29,,,10001,378
0,38300,SQUID_INK,1955,27,,,,,1958,22,,,,,1956.5,585.625
0,38300,RAINFOREST_RESIN,9995,22,,,,,10005,22,,,,,10000,378
0,38300,KELP,2030,27,,,,,2033,22,,,,,2031.5,28.953125
0,38400,RAINFOREST_RESIN,9996,2,9995,29,,,10004,2,10005,29,,,10000,378
0,38400,KELP,2030,27,,,,,2033,31,,,,,2031.5,28.4765625
0,38400,SQUID_INK,1957,27,,,,,1960,31,,,,,1958.5,499.5625
0,38500,KELP,2030,24,,,,,2033,24,,,,,2031.5,29.765625
0,38500,SQUID_INK,1956,24,,,,,1959,24,,,,,1957.5,554.046875
0,38500,RAINFOREST_RESIN,9996,2,9995,22,,,10004,2,10005,22,,,10000,378
0,38600,KELP,2030,31,,,,,2033,31,,,,,2031.5,36.859375
0,38600,SQUID_INK,1955,31,,,,,1959,31,,,,,1957,567.25
0,38600,RAINFOREST_RESIN,10002,1,9996,2,9995,29,10004,2,10005,29,,,10003,378
0,38700,SQUID_INK,1955,21,,,,,1958,2,1959,20,,,1956.5,578.15625
0,38700,RAINFOREST_RESIN,9996,2,9995,20,,,10004,2,10005,20,,,10000,380
0,38700,KELP,2030,21,,,,,2033,22,,,,,2031.5,37.1796875
0,38800,RAINFOREST_RESIN,9996,2,9995,25,,,10004,2,10005,25,,,10000,380
0,38800,KELP,2030,27,,,,,2032,2,2033,27,,,2031,38.140625
0,38800,SQUID_INK,1956,27,,,,,1958,2,1960,27,,,1957,523.0234375
0,38900,KELP,2030,25,,,,,2033,25,,,,,2031.5,35.984375
0,38900,SQUID_INK,1958,25,,,,,1961,25,,,,,1959.5,456.6328125
0,38900,RAINFOREST_RESIN,9996,2,9995,23,,,10004,2,10005,23,,,10000,380
0,39000,KELP,2030,24,,,,,2031,3,2032,6,2033,24,2030.5,36.9296875
0,39000,SQUID_INK,1957,24,,,,,1958,3,1959,6,1960,24,1957.5,488.3828125
0,39000,RAINFOREST_RESIN,9996,1,9995,23,,,10000,3,10004,1,10005,23,9998,380
0,39100,SQUID_INK,1958,38,,,,,1961,30,,,,,1959.5,460.328125
0,39100,RAINFOREST_RESIN,9996,2,9995,28,,,9998,3,10004,2,10005,28,9997,380
0,39100,KELP,2030,38,,,,,2033,30,,,,,2031.5,40.5703125
0,39200,RAINFOREST_RESIN,9995,21,,,,,10000,4,10005,21,,,9997.5,386
0,39200,KELP,2030,26,,,,,2031,4,2033,21,,,2030.5,45.5546875
0,39200,SQUID_INK,1958,5,1957,21,,,1959,4,1961,21,,,1958.5,464.3515625
0,39300,KELP,2030,24,,,,,2033,24,,,,,2031.5,41.53125
0,39300,RAINFOREST_RESIN,9995,24,,,,,10005,24,,,,,10000,386
0,39300,SQUID_INK,1957,24,,,,,1960,24,,,,,1958.5,509.125
0,39400,KELP,2029,21,,,,,2033,21,,,,,2031,5.1015625
0,39400,SQUID_INK,1958,21,,,,,1961,21,,,,,1959.5,442.03125
0,39400,RAINFOREST_RESIN,9995,21,,,,,10005,21,,,,,10000,386
0,39500,RAINFOREST_RESIN,9995,29,,,,,10005,29,,,,,10000,386
0,39500,SQUID_INK,1956,29,,,,,1958,3,1960,29,,,1957,524.3359375
0,39500,KELP,2029,29,,,,,2031,3,2033,29,,,2030,13.3671875
0,39600,RAINFOREST_RESIN,9996,1,9995,30,,,10004,1,10005,30,,,10000,386
0,39600,KELP,2029,31,,,,,2033,31,,,,,2031,12.8125
0,39600,SQUID_INK,1957,31,,,,,1960,31,,,,,1958.5,496.078125
0,39700,KELP,2029,29,,,,,2030,6,2033,30,,,2029.5,10.7734375
0,39700,RAINFOREST_RESIN,9996,1,9995,29,,,10000,6,10004,1,10005,29,9998,386
0,39700,SQUID_INK,1957,29,,,,,1959,6,1961,30,,,1958,463.171875
0,39800,SQUID_INK,1957,24,,,,,1960,24,,,,,1958.5,497.7734375
0,39800,KELP,2029,24,,,,,2032,24,,,,,2030.5,0.5703125
0,39800,RAINFOREST_RESIN,9996,2,9995,22,,,9998,1,10004,2,10005,22,9997,386
0,39900,RAINFOREST_RESIN,9998,10,9996,1,9995,28,10004,1,10005,28,,,10001,388
0,39900,SQUID_INK,1957,29,,,,,1959,7,1960,29,,,1958,502.34375
0,39900,KELP,2029,1,2028,28,,,2030,7,2032,29,,,2029.5,-30.4765625
0,40000,RAINFOREST_RESIN,10002,11,9996,1,9995,25,10004,1,10005,25,,,10003,388
0,40000,SQUID_INK,1956,26,,,,,1959,26,,,,,1957.5,542.578125
0,40000,KELP,2029,1,2028,25,,,2032,26,,,,,2030.5,-27.71875
0,40100,KELP,2028,30,,,,,2030,4,2032,30,,,2029,-36.8671875
0,40100,RAINFOREST_RESIN,9995,30,,,,,10005,30,,,,,10000,410
0,40100,SQUID_INK,1954,30,,,,,1956,4,1957,30,,,1955,631.6640625
0,40200,SQUID_INK,1953,25,,,,,1956,25,,,,,1954.5,702.78125
0,40200,KELP,2029,1,2028,24,,,2032,25,,,,,2030.5,-30.8359375
0,40200,RAINFOREST_RESIN,9996,1,9995,24,,,10002,7,10004,1,10005,24,9999,410
0,40300,RAINFOREST_RESIN,10002,4,9996,1,9995,29,10004,1,10005,29,,,10003,410
0,40300,SQUID_INK,1954,1,1953,29,,,1957,30,,,,,1955.5,664.671875
0,40300,KELP,2028,30,,,,,2032,30,,,,,2030,-38.6796875
0,40400,RAINFOREST_RESIN,9996,2,9995,23,,,10004,2,10005,23,,,10000,418
0,40400,SQUID_INK,1950,25,,,,,1954,25,,,,,1952,824.671875
0,40400,KELP,2029,2,2028,23,,,2032,25,,,,,2030.5,-27.859375
0,40500,KELP,2029,22,,,,,2032,22,,,,,2030.5,-10.828125
0,40500,RAINFOREST_RESIN,9996,1,9995,21,,,10004,1,10005,21,,,10000,418
0,40500,SQUID_INK,1949,22,,,,,1952,22,,,,,1950.5,889.5390625
0,40600,SQUID_INK,1947,28,,,,,1950,28,,,,,1948.5,982.015625
0,40600,KELP,2029,28,,,,,2032,28,,,,,2030.5,-5.796875
0,40600,RAINFOREST_RESIN,10002,1,9995,28,,,10005,28,,,,,10003.5,418
0,40700,RAINFOREST_RESIN,9998,10,9996,1,9995,29,10004,1,10005,29,,,10001,420
0,40700,SQUID_INK,1949,1,1948,6,1947,30,1950,1,1951,29,,,1949.5,976.2578125
0,40700,KELP,2031,1,2029,36,,,2032,30,,,,,2031.5,-18.5625
0,40800,RAINFOREST_RESIN,9995,21,,,,,10005,21,,,,,10000,420
0,40800,SQUID_INK,1947,21,,,,,1950,21,,,,,1948.5,1008.757813
0,40800,KELP,2029,21,,,,,2032,21,,,,,2030.5,-27.0625
0,40900,KELP,2029,3,2028,25,,,2032,25,,,,,2030.5,-30.0234375
0,40900,RAINFOREST_RESIN,9998,2,9995,25,,,10005,25,,,,,10001.5,420
0,40900,SQUID_INK,1947,28,,,,,1950,25,,,,,1948.5,999.8515625
0,41000,SQUID_INK,1945,21,,,,,1946,2,1947,7,1948,21,1945.5,1091.945313
0,41000,KELP,2029,21,,,,,2030,2,2031,7,2032,21,2029.5,-26.5390625
0,41000,RAINFOREST_RESIN,9998,10,9996,1,9995,20,10000,2,10004,1,10005,20,9999,420
0,41100,RAINFOREST_RESIN,9996,2,9995,23,,,10004,2,10005,23,,,10000,420
0,41100,SQUID_INK,1941,25,,,,,1945,25,,,,,1943,1265.765625
0,41100,KELP,2029,25,,,,,2032,25,,,,,2030.5,-18.65625
0,41200,RAINFOREST_RESIN,9995,20,,,,,10005,20,,,,,10000,420
0,41200,SQUID_INK,1942,20,,,,,1946,20,,,,,1944,1189.984375
0,41200,KELP,2029,20,,,,,2032,20,,,,,2030.5,-2.359375
0,41300,KELP,2030,8,2029,27,,,2033,27,,,,,2031.5,3.859375
0,41300,RAINFOREST_RESIN,9995,27,,,,,10005,27,,,,,10000,420
0,41300,SQUID_INK,1943,8,1942,27,,,1946,27,,,,,1944.5,1151.587891
0,41400,SQUID_INK,1938,30,,,,,1941,30,,,,,1939.5,987.7695313
0,41400,KELP,2029,30,,,,,2032,1,2033,29,,,2030.5,4.5078125
0,41400,RAINFOREST_RESIN,9996,1,9995,29,,,10004,1,10005,29,,,10000,420
0,41500,RAINFOREST_RESIN,9996,2,9995,29,,,10004,2,10005,29,,,10000,420
0,41500,SQUID_INK,1941,38,,,,,1944,31,,,,,1942.5,1066.742188
0,41500,KELP,2030,7,2029,31,,,2033,31,,,,,2031.5,8.015625
0,41600,RAINFOREST_RESIN,9995,26,,,,,10005,26,,,,,10000,420
0,41600,SQUID_INK,1940,26,,,,,1943,26,,,,,1941.5,1030.503906
0,41600,KELP,2029,26,,,,,2032,26,,,,,2030.5,-1.2109375
0,41700,KELP,2031,2,2029,23,,,2032,23,,,,,2031.5,0.84375
0,41700,RAINFOREST_RESIN,9995,23,,,,,10005,23,,,,,10000,420
0,41700,SQUID_INK,1944,2,1942,23,,,1945,23,,,,,1944.5,1109.023438
0,41800,SQUID_INK,1944,21,,,,,1947,22,,,,,1945.5,1205.875
0,41800,KELP,2029,21,,,,,2032,22,,,,,2030.5,-10.390625
0,41800,RAINFOREST_RESIN,9996,1,9995,21,,,10004,1,10005,21,,,10000,420
0,41900,RAINFOREST_RESIN,9995,28,,,,,10002,8,10005,28,,,9998.5,420
0,41900,SQUID_INK,1943,28,,,,,1947,28,,,,,1945,1168.828125
0,41900,KELP,2028,28,,,,,2032,28,,,,,2030,-37.625
0,42000,RAINFOREST_RESIN,9996,1,9995,27,,,9998,1,10004,1,10005,27,9997,420
0,42000,SQUID_INK,1945,28,,,,,1948,1,1949,27,,,1946.5,1268.734375
0,42000,KELP,2029,1,2028,27,,,2032,28,,,,,2030.5,-27.453125
0,42100,KELP,2029,29,,,,,2032,22,,,,,2030.5,-20.203125
0,42100,RAINFOREST_RESIN,10002,2,9995,22,,,10005,22,,,,,10003.5,422
0,42100,SQUID_INK,1948,7,1947,22,,,1951,22,,,,,1949.5,1376.46875
0,42200,SQUID_INK,1949,22,,,,,1952,22,,,,,1950.5,1445.945313
0,42200,KELP,2029,22,,,,,2032,22,,,,,2030.5,-25.3046875
0,42200,RAINFOREST_RESIN,9995,22,,,,,10005,22,,,,,10000,426
0,42300,RAINFOREST_RESIN,9996,2,9995,20,,,10004,2,10005,20,,,10000,426
0,42300,SQUID_INK,1945,2,1944,20,,,1948,22,,,,,1946.5,1230.320313
0,42300,KELP,2028,22,,,,,2031,2,2032,20,,,2029.5,-47.046875
0,42400,RAINFOREST_RESIN,9996,2,9995,26,,,10002,2,10004,2,10005,26,9999,426
0,42400,SQUID_INK,1947,28,,,,,1950,28,,,,,1948.5,1350.328125
0,42400,KELP,2028,28,,,,,2031,28,,,,,2029.5,-66.59375
0,42500,KELP,2028,24,,,,,2030,2,2031,24,,,2029,-52.8828125
0,42500,RAINFOREST_RESIN,9995,24,,,,,10005,24,,,,,10000,426
0,42500,SQUID_INK,1946,24,,,,,1948,2,1949,24,,,1947,1303.570313
0,42600,SQUID_INK,1949,1,1947,28,,,1950,28,,,,,1949.5,1347.84375
0,42600,KELP,2030,1,2028,28,,,2031,28,,,,,2030.5,-50.8671875
0,42600,RAINFOREST_RESIN,9995,28,,,,,10005,28,,,,,10000,426
0,42700,RAINFOREST_RESIN,9996,1,9995,23,,,10004,1,10005,23,,,10000,426
0,42700,SQUID_INK,1949,24,,,,,1952,24,,,,,1950.5,1448.476563
0,42700,KELP,2028,24,,,,,2031,24,,,,,2029.5,-72.7578125
0,42800,RAINFOREST_RESIN,9995,29,,,,,10000,2,10005,29,,,9997.5,426
0,42800,SQUID_INK,1948,29,,,,,1949,2,1952,29,,,1948.5,1419.726563
0,42800,KELP,2028,29,,,,,2029,2,2031,29,,,2028.5,-54.703125
0,42900,KELP,2028,20,,,,,2031,20,,,,,2029.5,-67.078125
0,42900,RAINFOREST_RESIN,10002,5,9995,20,,,10005,20,,,,,10003.5,426
0,42900,SQUID_INK,1948,20,,,,,1951,20,,,,,1949.5,1413.976563
0,43000,SQUID_INK,1950,27,,,,,1953,27,,,,,1951.5,1485.90625
0,43000,KELP,2028,27,,,,,2031,27,,,,,2029.5,-69.8203125
0,43000,RAINFOREST_RESIN,9996,1,9995,26,,,10002,6,10004,1,10005,26,9999,436
0,43100,RAINFOREST_RESIN,9998,9,9996,1,9995,24,10004,1,10005,24,,,10001,436
0,43100,SQUID_INK,1948,25,,,,,1951,25,,,,,1949.5,1413.085938
0,43100,KELP,2028,1,2027,24,,,2031,25,,,,,2029.5,-78.4765625
0,43200,RAINFOREST_RESIN,9996,2,9995,29,,,10002,5,10004,2,10005,29,9999,436
0,43200,SQUID_INK,1948,31,,,,,1952,31,,,,,1950,1423.867188
0,43200,KELP,2028,31,,,,,2031,31,,,,,2029.5,-62.234375
0,43300,KELP,2030,1,2028,20,,,2031,20,,,,,2030.5,-59.3515625
0,43300,RAINFOREST_RESIN,9998,10,9995,20,,,10005,20,,,,,10001.5,436
0,43300,SQUID_INK,1949,1,1947,20,,,1951,20,,,,,1950,1366.945313
0,43400,SQUID_INK,1947,24,,,,,1951,24,,,,,1949,1370.429688
0,43400,KELP,2028,24,,,,,2032,24,,,,,2030,-35.53125
0,43400,RAINFOREST_RESIN,9996,2,9995,22,,,10004,2,10005,22,,,10000,436
0,43500,RAINFOREST_RESIN,9996,1,9995,24,,,10002,7,10004,1,10005,24,9999,436
0,43500,SQUID_INK,1948,6,1947,25,,,1951,25,,,,,1949.5,1375.671875
0,43500,KELP,2029,6,2028,25,,,2031,1,2032,24,,,2030,-46.2734375
0,43600,RAINFOREST_RESIN,9995,22,,,,,10002,5,10005,22,,,9998.5,436
0,43600,SQUID_INK,1947,22,,,,,1949,1,1950,22,,,1948,1344.609375
0,43600,KELP,2028,22,,,,,2030,1,2032,22,,,2029,-43.3984375
0,43700,KELP,2028,30,,,,,2031,30,,,,,2029.5,-50.125
0,43700,RAINFOREST_RESIN,9996,1,9995,29,,,10002,6,10004,1,10005,29,9999,436
0,43700,SQUID_INK,1947,30,,,,,1950,30,,,,,1948.5,1348.34375
0,43800,RAINFOREST_RESIN,9996,1,9995,22,,,10004,1,10005,22,,,10000,436
0,43800,SQUID_INK,1946,23,,,,,1949,23,,,,,1947.5,1313.421875
0,43800,KELP,2027,23,,,,,2031,23,,,,,2029,-82.359375
0,43900,SQUID_INK,1946,32,,,,,1949,26,,,,,1947.5,1293.78125
0,43900,KELP,2028,32,,,,,2031,26,,,,,2029.5,-73.703125
0,43900,RAINFOREST_RESIN,9996,2,9995,24,,,10002,2,10004,2,10005,24,9999,436
0,44000,RAINFOREST_RESIN,10002,4,9998,10,9996,2,10004,2,10005,25,,,10003,436
0,44000,SQUID_INK,1946,27,,,,,1949,27,,,,,1947.5,1305.765625
0,44000,KELP,2028,27,,,,,2031,27,,,,,2029.5,-61.0703125
0,44100,SQUID_INK,1948,24,,,,,1950,4,1951,24,,,1949,1398.960938
0,44100,KELP,2028,24,,,,,2030,4,2031,24,,,2029,-66.1875
0,44100,RAINFOREST_RESIN,9996,2,9995,22,,,10004,2,10005,22,,,10000,444
0,44200,RAINFOREST_RESIN,9995,24,,,,,10005,24,,,,,10000,444
0,44200,KELP,2028,24,,,,,2031,24,,,,,2029.5,-72.890625
0,44200,SQUID_INK,1946,24,,,,,1950,24,,,,,1948,1317.25
0,44300,SQUID_INK,1949,26,,,,,1952,26,,,,,1950.5,1448.984375
0,44300,KELP,2028,26,,,,,2031,26,,,,,2029.5,-62.5703125
0,44300,RAINFOREST_RESIN,9996,2,9995,24,,,9998,2,10004,2,10005,24,9997,444
0,44400,SQUID_INK,1947,27,,,,,1950,26,,,,,1948.5,1359.46875
0,44400,RAINFOREST_RESIN,9996,1,9995,25,,,10002,7,10004,1,10005,25,9999,448
0,44400,KELP,2028,27,,,,,2031,26,,,,,2029.5,-59.96875
0,44500,SQUID_INK,1947,30,,,,,1950,30,,,,,1948.5,1363.726563
0,44500,KELP,2028,30,,,,,2031,30,,,,,2029.5,-63.4140625
0,44500,RAINFOREST_RESIN,9995,30,,,,,10005,30,,,,,10000,448
0,44600,RAINFOREST_RESIN,9996,1,9995,21,,,10004,1,10005,21,,,10000,448
0,44600,KELP,2028,22,,,,,2031,22,,,,,2029.5,-57.78125
0,44600,SQUID_INK,1948,22,,,,,1951,22,,,,,1949.5,1388.390625
0,44700,SQUID_INK,1947,27,,,,,1949,6,1950,27,,,1948,1363.820313
0,44700,KELP,2028,27,,,,,2030,6,2031,27,,,2029,-52.6484375
0,44700,RAINFOREST_RESIN,9996,2,9995,25,,,10004,2,10005,25,,,10000,448
0,44800,SQUID_INK,1947,25,,,,,1949,3,1950,25,,,1948,1351.023438
0,44800,RAINFOREST_RESIN,9995,25,,,,,10005,25,,,,,10000,448
0,44800,KELP,2028,25,,,,,2030,3,2031,25,,,2029,-55.671875
0,44900,SQUID_INK,1947,23,,,,,1950,23,,,,,1948.5,1355.234375
0,44900,KELP,2028,23,,,,,2031,2,2032,21,,,2029.5,-47.03125
0,44900,RAINFOREST_RESIN,9996,2,9995,21,,,10004,2,10005,21,,,10000,448
0,45000,RAINFOREST_RESIN,9996,1,9995,27,,,10004,1,10005,27,,,10000,448
0,45000,KELP,2028,27,,,,,2032,28,,,,,2030,-27.1328125
0,45000,SQUID_INK,1948,27,,,,,1951,28,,,,,1949.5,1395.835938
0,45100,SQUID_INK,1947,27,,,,,1950,27,,,,,1948.5,1347.8125
0,45100,KELP,2029,27,,,,,2032,27,,,,,2030.5,-16.3359375
0,45100,RAINFOREST_RESIN,9995,27,,,,,9998,1,10005,27,,,9996.5,448
0,45200,SQUID_INK,1947,20,,,,,1950,21,,,,,1948.5,1361.929688
0,45200,RAINFOREST_RESIN,10002,1,9996,1,9995,20,10004,1,10005,20,,,10003,450
0,45200,KELP,2029,20,,,,,2032,21,,,,,2030.5,-9.140625
0,45300,SQUID_INK,1947,22,,,,,1950,23,,,,,1948.5,1347.476563
0,45300,KELP,2029,22,,,,,2032,23,,,,,2030.5,-22.3671875
0,45300,RAINFOREST_RESIN,9995,23,,,,,10005,23,,,,,10000,452
0,45400,RAINFOREST_RESIN,9998,4,9995,25,,,10005,25,,,,,10001.5,452
0,45400,KELP,2029,25,,,,,2032,25,,,,,2030.5,-19.265625
0,45400,SQUID_INK,1947,25,,,,,1950,25,,,,,1948.5,1364.445313
0,45500,SQUID_INK,1946,21,,,,,1947,3,1949,21,,,1946.5,1313.4375
0,45500,KELP,2029,18,,,,,2032,21,,,,,2030.5,-13.546875
0,45500,RAINFOREST_RESIN,9996,1,9995,20,,,9998,3,10004,1,10005,20,9997,452
0,45600,SQUID_INK,1946,24,,,,,1948,6,1950,24,,,1947,1327.148438
0,45600,RAINFOREST_RESIN,9996,1,9995,23,,,10004,1,10005,23,,,10000,458
0,45600,KELP,2029,24,,,,,2031,6,2032,24,,,2030,-7.953125
0,45700,SQUID_INK,1946,23,,,,,1949,23,,,,,1947.5,1284.210938
0,45700,KELP,2029,23,,,,,2032,23,,,,,2030.5,-10.015625
0,45700,RAINFOREST_RESIN,10002,1,9996,2,9995,21,10004,2,10005,21,,,10003,458
0,45800,RAINFOREST_RESIN,10000,5,9998,7,9996,2,10004,2,10005,30,,,10002,460
0,45800,KELP,2030,5,2029,32,,,2032,32,,,,,2031,-16.546875
0,45800,SQUID_INK,1947,5,1946,32,,,1949,32,,,,,1948,1289.890625
0,45900,SQUID_INK,1945,25,,,,,1948,1,1949,25,,,1946.5,1269.632813
0,45900,KELP,2029,25,,,,,2032,26,,,,,2030.5,-10.5703125
0,45900,RAINFOREST_RESIN,9998,8,9996,1,9995,25,10004,1,10005,25,,,10001,460
0,46000,SQUID_INK,1946,23,,,,,1949,23,,,,,1947.5,1295.617188
0,46000,RAINFOREST_RESIN,9995,23,,,,,9998,1,10005,23,,,9996.5,460
0,46000,KELP,2029,23,,,,,2032,23,,,,,2030.5,-9.0546875
0,46100,SQUID_INK,1947,4,1946,25,,,1950,25,,,,,1948.5,1324.898438
0,46100,KELP,2030,4,2029,25,,,2033,25,,,,,2031.5,5.34375
0,46100,RAINFOREST_RESIN,9995,25,,,,,10005,25,,,,,10000,462
0,46200,RAINFOREST_RESIN,9995,24,,,,,10005,24,,,,,10000,462
0,46200,KELP,2029,28,,,,,2033,24,,,,,2031,1.171875
0,46200,SQUID_INK,1946,28,,,,,1949,24,,,,,1947.5,1304.984375
0,46300,SQUID_INK,1946,28,,,,,1949,28,,,,,1947.5,1290.5625
0,46300,KELP,2029,28,,,,,2033,28,,,,,2031,6.296875
0,46300,RAINFOREST_RESIN,9996,2,9995,26,,,10004,2,10005,26,,,10000,462
0,46400,KELP,2031,1,2029,24,,,2033,24,,,,,2032,6.2890625
0,46400,SQUID_INK,1948,1,1946,24,,,1949,24,,,,,1948.5,1290.726563
0,46400,RAINFOREST_RESIN,9995,24,,,,,10005,24,,,,,10000,462
0,46500,SQUID_INK,1947,2,1945,30,,,1949,30,,,,,1948,1277.429688
0,46500,RAINFOREST_RESIN,9996,1,9995,29,,,9998,1,10004,1,10005,29,9997,462
0,46500,KELP,2031,2,2030,30,,,2033,30,,,,,2032,24.1484375
0,46600,RAINFOREST_RESIN,9998,1,9995,28,,,10005,28,,,,,10001.5,464
0,46600,KELP,2032,1,2030,4,2029,28,2033,28,,,,,2032.5,21.0078125
0,46600,SQUID_INK,1949,1,1947,32,,,1950,28,,,,,1949.5,1358.507813
0,46700,KELP,2030,30,,,,,2033,30,,,,,2031.5,32.453125
0,46700,SQUID_INK,1947,30,,,,,1951,30,,,,,1949,1372.039063
0,46700,RAINFOREST_RESIN,9996,1,9995,29,,,10004,1,10005,29,,,10000,464
0,46800,KELP,2030,25,,,,,2033,25,,,,,2031.5,37.28125
0,46800,SQUID_INK,1947,25,,,,,1950,25,,,,,1948.5,1360.367188
0,46800,RAINFOREST_RESIN,9995,25,,,,,10005,25,,,,,10000,464
0,46900,SQUID_INK,1947,30,,,,,1948,10,1950,1,1951,29,1947.5,1366.6875
0,46900,RAINFOREST_RESIN,9996,1,9995,29,,,10002,3,10004,1,10005,29,9999,464
0,46900,KELP,2029,29,,,,,2030,9,2033,30,,,2029.5,17.9453125
0,47000,RAINFOREST_RESIN,9996,1,9995,22,,,10004,1,10005,22,,,10000,464
0,47000,KELP,2029,23,,,,,2033,23,,,,,2031,16.6640625
0,47000,SQUID_INK,1948,23,,,,,1951,23,,,,,1949.5,1413.117188
0,47100,KELP,2029,22,,,,,2033,22,,,,,2031,21.4140625
0,47100,SQUID_INK,1947,22,,,,,1950,22,,,,,1948.5,1337.867188
0,47100,RAINFOREST_RESIN,9995,22,,,,,9998,1,10005,22,,,9996.5,464
0,47200,KELP,2032,1,2029,23,,,2033,23,,,,,2032.5,13.640625
0,47200,SQUID_INK,1949,1,1947,23,,,1950,23,,,,,1949.5,1348.15625
0,47200,RAINFOREST_RESIN,9996,2,9995,21,,,10004,2,10005,21,,,10000,466
0,47300,SQUID_INK,1947,5,1946,21,,,1950,21,,,,,1948.5,1327.28125
0,47300,RAINFOREST_RESIN,9995,21,,,,,10005,21,,,,,10000,466
0,47300,KELP,2030,26,,,,,2033,21,,,,,2031.5,25.6015625
0,47400,RAINFOREST_RESIN,9998,7,9995,22,,,10005,22,,,,,10001.5,466
0,47400,KELP,2032,5,2030,22,,,2033,22,,,,,2032.5,23.5703125
0,47400,SQUID_INK,1948,5,1946,22,,,1950,22,,,,,1949,1324.015625
0,47500,KELP,2030,22,,,,,2032,5,2033,22,,,2031,39.1875
0,47500,SQUID_INK,1946,22,,,,,1948,5,1949,1,1950,21,1947,1318.851563
0,47500,RAINFOREST_RESIN,9996,1,9995,21,,,9998,1,10004,1,10005,21,9997,466
0,47600,KELP,2030,21,,,,,2033,21,,,,,2031.5,29.1484375
0,47600,SQUID_INK,1945,21,,,,,1948,21,,,,,1946.5,1251.640625
0,47600,RAINFOREST_RESIN,9998,5,9995,21,,,10005,21,,,,,10001.5,468
0,47700,SQUID_INK,1947,23,,,,,1949,4,1950,23,,,1948,1343.929688
0,47700,RAINFOREST_RESIN,9998,1,9995,23,,,10005,23,,,,,10001.5,468
0,47700,KELP,2029,23,,,,,2032,4,2033,23,,,2030.5,22.015625
0,47800,RAINFOREST_RESIN,9995,20,,,,,10005,20,,,,,10000,468
0,47800,KELP,2029,20,,,,,2031,7,2033,20,,,2030,8.8359375
0,47800,SQUID_INK,1948,20,,,,,1950,7,1951,20,,,1949,1413.273438
0,47900,KELP,2029,23,,,,,2033,23,,,,,2031,14.0078125
0,47900,SQUID_INK,1948,23,,,,,1951,23,,,,,1949.5,1409.609375
0,47900,RAINFOREST_RESIN,9995,23,,,,,10005,23,,,,,10000,468
0,48000,KELP,2029,27,,,,,2033,27,,,,,2031,15.2421875
0,48000,SQUID_INK,1947,27,,,,,1951,27,,,,,1949,1374.140625
0,48000,RAINFOREST_RESIN,10002,2,9996,1,9995,26,10004,1,10005,26,,,10003,468
0,48100,RAINFOREST_RESIN,9996,1,9995,29,,,10004,1,10005,29,,,10000,472
0,48100,SQUID_INK,1948,30,,,,,1950,1,1952,30,,,1949,1424.320313
0,48100,KELP,2029,30,,,,,2031,1,2033,30,,,2030,13.828125
0,48200,RAINFOREST_RESIN,9996,1,9995,26,,,10004,1,10005,26,,,10000,472
0,48200,KELP,2030,1,2029,27,,,2033,27,,,,,2031.5,9.3203125
0,48200,SQUID_INK,1949,28,,,,,1952,27,,,,,1950.5,1442.328125
0,48300,KELP,2029,21,,,,,2030,4,2032,21,,,2029.5,-3.34375
0,48300,RAINFOREST_RESIN,9998,4,9996,1,9995,20,10004,1,10005,20,,,10001,472
0,48300,SQUID_INK,1948,21,,,,,1949,4,1951,21,,,1948.5,1410.210938
0,48400,KELP,2029,32,,,,,2031,6,2032,32,,,2030,-14.4765625
0,48400,SQUID_INK,1949,32,,,,,1951,6,1952,2,1953,30,1950,1469.117188
0,48400,RAINFOREST_RESIN,9996,2,9995,30,,,10004,2,10005,30,,,10000,472
0,48500,RAINFOREST_RESIN,9995,29,,,,,10005,29,,,,,10000,472
0,48500,SQUID_INK,1949,29,,,,,1953,29,,,,,1951,1481.734375
0,48500,KELP,2029,29,,,,,2032,29,,,,,2030.5,-1.1015625
0,48600,RAINFOREST_RESIN,9996,1,9995,26,,,10004,1,10005,26,,,10000,472
0,48600,SQUID_INK,1950,27,,,,,1953,27,,,,,1951.5,1506.625
0,48600,KELP,2029,27,,,,,2032,27,,,,,2030.5,-3.5859375
0,48700,KELP,2029,23,,,,,2030,2,2032,23,,,2029.5,0.9921875
0,48700,RAINFOREST_RESIN,9996,1,9995,22,,,10000,2,10004,1,10005,22,9998,472
0,48700,SQUID_INK,1950,23,,,,,1951,2,1953,23,,,1950.5,1495.640625
0,48800,SQUID_INK,1950,29,,,,,1953,29,,,,,1951.5,1509.476563
0,48800,KELP,2029,29,,,,,2032,29,,,,,2030.5,-3.0859375
0,48800,RAINFOREST_RESIN,9996,1,9995,28,,,10004,1,10005,28,,,10000,472
0,48900,RAINFOREST_RESIN,9995,22,,,,,10005,22,,,,,10000,472
0,48900,SQUID_INK,1952,21,,,,,1955,22,,,,,1953.5,1608.898438
0,48900,KELP,2029,21,,,,,2033,22,,,,,2031,3.8984375
0,49000,RAINFOREST_RESIN,9996,1,9995,28,,,10004,1,10005,28,,,10000,472
0,49000,SQUID_INK,1951,29,,,,,1954,29,,,,,1952.5,1549.039063
0,49000,KELP,2029,29,,,,,2032,29,,,,,2030.5,-25.671875
0,49100,KELP,2029,30,,,,,2032,30,,,,,2030.5,-14.296875
0,49100,RAINFOREST_RESIN,9995,30,,,,,10005,30,,,,,10000,472
0,49100,SQUID_INK,1951,30,,,,,1955,30,,,,,1953,1575.289063
0,49200,SQUID_INK,1952,26,,,,,1955,26,,,,,1953.5,1591.898438
0,49200,KELP,2029,26,,,,,2032,26,,,,,2030.5,-17.4140625
0,49200,RAINFOREST_RESIN,10002,3,9996,1,9995,25,10004,1,10005,25,,,10003,472
0,49300,RAINFOREST_RESIN,9998,3,9995,29,,,10005,29,,,,,10001.5,478
0,49300,SQUID_INK,1952,6,1951,29,,,1955,29,,,,,1953.5,1571.765625
0,49300,KELP,2029,35,,,,,2032,29,,,,,2030.5,-13.7421875
0,49400,RAINFOREST_RESIN,9996,1,9995,22,,,10004,1,10005,22,,,10000,478
0,49400,SQUID_INK,1951,23,,,,,1955,23,,,,,1953,1572.429688
0,49400,KELP,2029,23,,,,,2032,23,,,,,2030.5,-17.828125
0,49500,KELP,2029,25,,,,,2032,25,,,,,2030.5,-10.0546875
0,49500,RAINFOREST_RESIN,9996,1,9995,24,,,10004,1,10005,24,,,10000,478
0,49500,SQUID_INK,1951,25,,,,,1954,25,,,,,1952.5,1560.757813
0,49600,SQUID_INK,1951,30,,,,,1952,3,1954,30,,,1951.5,1554.242188
0,49600,KELP,2029,30,,,,,2030,3,2032,30,,,2029.5,-13.1796875
0,49600,RAINFOREST_RESIN,9996,2,9995,28,,,10000,3,10002,9,10004,2,9998,478
0,49700,RAINFOREST_RESIN,9995,21,,,,,10005,21,,,,,10000,478
0,49700,SQUID_INK,1953,1,1952,6,1951,21,1955,21,,,,,1954,1568.742188
0,49700,KELP,2031,1,2029,27,,,2032,21,,,,,2031.5,-5.3515625
0,49800,RAINFOREST_RESIN,9995,20,,,,,10002,7,10005,20,,,9998.5,478
0,49800,SQUID_INK,1952,19,,,,,1955,20,,,,,1953.5,1611.671875
0,49800,KELP,2029,19,,,,,2033,20,,,,,2031,3.6015625
0,49900,KELP,2030,5,2029,24,,,2033,24,,,,,2031.5,7.7265625
0,49900,RAINFOREST_RESIN,9996,1,9995,23,,,10004,1,10005,23,,,10000,478
0,49900,SQUID_INK,1955,5,1954,24,,,1957,1,1958,23,,,1956,1718.515625
0,50000,SQUID_INK,1955,2,1954,24,,,1958,26,,,,,1956.5,1730.710938
0,50000,KELP,2029,26,,,,,2032,26,,,,,2030.5,-5.0625
0,50000,RAINFOREST_RESIN,9996,2,9995,24,,,10002,5,10004,2,10005,24,9999,478
0,50100,RAINFOREST_RESIN,10002,4,9996,2,9995,22,10004,2,10005,22,,,10003,478
0,50100,SQUID_INK,1953,24,,,,,1956,24,,,,,1954.5,1656.554688
0,50100,KELP,2029,24,,,,,2032,24,,,,,2030.5,-11.3984375
0,50200,RAINFOREST_RESIN,9996,1,9995,28,,,10004,1,10005,28,,,10000,486
0,50200,SQUID_INK,1953,29,,,,,1957,29,,,,,1955,1677.03125
0,50200,KELP,2029,1,2028,28,,,2032,29,,,,,2030.5,-29.8828125
0,50300,KELP,2029,23,,,,,2031,4,2032,23,,,2030,-12.9765625
0,50300,RAINFOREST_RESIN,9995,23,,,,,10005,23,,,,,10000,486
0,50300,SQUID_INK,1952,23,,,,,1954,4,1956,23,,,1953,1624.210938
0,50400,SQUID_INK,1954,22,,,,,1957,23,,,,,1955.5,1695.21875
0,50400,KELP,2029,22,,,,,2032,23,,,,,2030.5,-14.953125
0,50400,RAINFOREST_RESIN,9996,2,9995,21,,,10004,2,10005,21,,,10000,486
0,50500,RAINFOREST_RESIN,10000,4,9998,7,9996,1,10004,1,10005,27,,,10002,486
0,50500,SQUID_INK,1954,4,1953,28,,,1956,28,,,,,1955,1645.851563
0,50500,KELP,2030,4,2029,28,,,2032,28,,,,,2031,-24.7890625
0,50600,RAINFOREST_RESIN,9998,7,9996,2,9995,22,10000,5,10004,2,10005,22,9999,486
0,50600,SQUID_INK,1952,24,,,,,1953,4,1955,24,,,1952.5,1603.992188
0,50600,KELP,2029,24,,,,,2030,4,2032,24,,,2029.5,-23.7421875
0,50700,KELP,2029,20,,,,,2032,20,,,,,2030.5,-15.6484375
0,50700,RAINFOREST_RESIN,9998,9,9995,20,,,10005,20,,,,,10001.5,486
0,50700,SQUID_INK,1951,20,,,,,1954,20,,,,,1952.5,1540.25
0,50800,SQUID_INK,1951,28,,,,,1954,28,,,,,1952.5,1550.507813
0,50800,KELP,2029,28,,,,,2032,28,,,,,2030.5,-15.2890625
0,50800,RAINFOREST_RESIN,9998,7,9996,2,9995,26,10004,2,10005,26,,,10001,486
0,50900,RAINFOREST_RESIN,9998,2,9995,30,,,10000,5,10005,30,,,9999,486
0,50900,SQUID_INK,1951,29,,,,,1952,5,1954,30,,,1951.5,1538.132813
0,50900,KELP,2029,29,,,,,2030,5,2032,30,,,2029.5,-10.5
0,51000,RAINFOREST_RESIN,9996,2,9995,23,,,10004,2,10005,23,,,10000,486
0,51000,SQUID_INK,1950,25,,,,,1953,25,,,,,1951.5,1500.601563
0,51000,KELP,2029,25,,,,,2032,25,,,,,2030.5,-20.2578125
0,51100,KELP,2029,32,,,,,2032,29,,,,,2030.5,-7.484375
0,51100,RAINFOREST_RESIN,9995,29,,,,,10002,1,10005,29,,,9998.5,486
0,51100,SQUID_INK,1950,32,,,,,1953,29,,,,,1951.5,1491.171875
0,51200,SQUID_INK,1950,30,,,,,1953,30,,,,,1951.5,1487.851563
0,51200,KELP,2029,30,,,,,2032,30,,,,,2030.5,-2.84375
0,51200,RAINFOREST_RESIN,9995,30,,,,,10005,30,,,,,10000,486
0,51300,RAINFOREST_RESIN,9996,2,9995,23,,,9998,5,10002,5,10004,2,9997,486
0,51300,SQUID_INK,1948,25,,,,,1951,25,,,,,1949.5,1402.9375
0,51300,KELP,2029,25,,,,,2032,25,,,,,2030.5,-4.3984375
0,51400,RAINFOREST_RESIN,9996,1,9995,22,,,10004,1,10005,22,,,10000,496
0,51400,SQUID_INK,1949,23,,,,,1951,5,1952,23,,,1950,1452.0625
0,51400,KELP,2029,23,,,,,2031,5,2032,1,2033,22,2030,2.3671875
0,51500,KELP,2029,21,,,,,2032,21,,,,,2030.5,0.5234375
0,51500,RAINFOREST_RESIN,9995,21,,,,,10005,21,,,,,10000,496
0,51500,SQUID_INK,1948,21,,,,,1951,21,,,,,1949.5,1399.859375
0,51600,SQUID_INK,1951,3,1949,23,,,1952,23,,,,,1951.5,1449.6875
0,51600,KELP,2031,3,2029,23,,,2032,23,,,,,2031.5,-16.4453125
0,51600,RAINFOREST_RESIN,9996,2,9995,21,,,10002,5,10004,2,10005,21,9999,496
0,51700,RAINFOREST_RESIN,9996,2,9995,30,,,10004,2,10005,30,,,10000,496
0,51700,SQUID_INK,1949,32,,,,,1952,32,,,,,1950.5,1449.3125
0,51700,KELP,2029,32,,,,,2032,32,,,,,2030.5,-13.90625
0,51800,RAINFOREST_RESIN,9995,25,,,,,10005,25,,,,,10000,496
0,51800,SQUID_INK,1949,25,,,,,1952,25,,,,,1950.5,1441.867188
0,51800,KELP,2029,25,,,,,2032,25,,,,,2030.5,-10.1640625
0,51900,KELP,2029,28,,,,,2032,28,,,,,2030.5,-12.203125
0,51900,RAINFOREST_RESIN,9996,2,9995,26,,,10004,2,10005,26,,,10000,496
0,51900,SQUID_INK,1950,28,,,,,1954,28,,,,,1952,1522.382813
0,52000,SQUID_INK,1951,5,1950,21,,,1952,5,1954,21,,,1951.5,1528.328125
0,52000,KELP,2029,26,,,,,2030,5,2032,21,,,2029.5,-18.6796875
0,52000,RAINFOREST_RESIN,9998,2,9995,21,,,10000,5,10005,21,,,9999,496
0,52100,RAINFOREST_RESIN,9996,1,9995,27,,,10004,1,10005,27,,,10000,496
0,52100,SQUID_INK,1947,28,,,,,1950,28,,,,,1948.5,1356.554688
0,52100,KELP,2029,28,,,,,2032,28,,,,,2030.5,-1.015625
0,52200,RAINFOREST_RESIN,9995,23,,,,,10005,23,,,,,10000,496
0,52200,SQUID_INK,1948,22,,,,,1951,23,,,,,1949.5,1385.203125
0,52200,KELP,2029,22,,,,,2032,23,,,,,2030.5,-6.59375
0,52300,KELP,2029,30,,,,,2032,30,,,,,2030.5,-2.90625
0,52300,RAINFOREST_RESIN,9995,30,,,,,10005,30,,,,,10000,496
0,52300,SQUID_INK,1946,30,,,,,1950,30,,,,,1948,1328.320313
0,52400,SQUID_INK,1950,21,,,,,1951,3,1953,21,,,1950.5,1513.34375
0,52400,KELP,2029,22,,,,,2030,4,2032,21,,,2029.5,-0.8203125
0,52400,RAINFOREST_RESIN,10002,3,9996,1,9995,20,10004,1,10005,20,,,10003,496
0,52500,RAINFOREST_RESIN,9996,2,9995,25,,,10004,2,10005,25,,,10000,502
0,52500,SQUID_INK,1947,27,,,,,1950,27,,,,,1948.5,1361.929688
0,52500,KELP,2029,27,,,,,2033,27,,,,,2031,17.1875
0,52600,RAINFOREST_RESIN,9996,1,9995,30,,,10004,1,10005,30,,,10000,502
0,52600,SQUID_INK,1948,33,,,,,1949,2,1951,31,,,1948.5,1406.59375
0,52600,KELP,2029,31,,,,,2033,31,,,,,2031,13.3828125
0,52700,KELP,2032,1,2029,25,,,2033,25,,,,,2032.5,14.390625
0,52700,RAINFOREST_RESIN,9996,1,9995,24,,,10002,9,10004,1,10005,24,9999,502
0,52700,SQUID_INK,1950,1,1947,25,,,1951,25,,,,,1950.5,1377.5
0,52800,RAINFOREST_RESIN,9996,2,9995,26,,,10004,2,10005,26,,,10000,502
0,52800,SQUID_INK,1950,1,1948,28,,,1952,28,,,,,1951,1421.8125
0,52800,KELP,2032,1,2029,28,,,2033,28,,,,,2032.5,11.3671875
0,52900,SQUID_INK,1948,27,,,,,1951,27,,,,,1949.5,1390.046875
0,52900,KELP,2029,27,,,,,2033,27,,,,,2031,15.1171875
0,52900,RAINFOREST_RESIN,9996,1,9995,26,,,10002,3,10004,1,10005,26,9999,502
0,53000,SQUID_INK,1948,1,1947,29,,,1951,30,,,,,1949.5,1379.984375
0,53000,RAINFOREST_RESIN,9996,1,9995,29,,,10004,1,10005,29,,,10000,502
0,53000,KELP,2029,30,,,,,2033,30,,,,,2031,14.546875
0,53100,SQUID_INK,1948,23,,,,,1951,23,,,,,1949.5,1405.84375
