day,timestamp,product,bid_price_1,bid_volume_1,bid_price_2,bid_volume_2,bid_price_3,bid_volume_3,ask_price_1,ask_volume_1,ask_price_2,ask_volume_2,ask_price_3,ask_volume_3,mid_price,profit_and_loss
2,0,PICNIC_BASKET2,30094,16,30093,30,,,30099,2,30100,44,,,30096.5,0
2,0,VOLCANIC_ROCK_VOUCHER_9750,469,16,,,,,470,16,,,,,469.5,0
2,0,RAINFOREST_RESIN,9992,33,,,,,10008,33,,,,,10000,0
2,0,VOLCANIC_ROCK_VOUCHER_9500,718,16,,,,,719,16,,,,,718.5,0
2,0,VOLCANIC_ROCK,10218,148,10217,61,,,10219,148,10220,61,,,10218.5,0
2,0,SQUID_INK,1799,28,,,,,1802,27,,,,,1800.5,0
2,0,VOLCANIC_ROCK_VOUCHER_10250,63,16,,,,,64,16,,,,,63.5,0
2,0,KELP,2044,28,,,,,2047,27,,,,,2045.5,0
2,0,DJEMBES,13419,72,,,,,13420,72,,,,,13419.5,0
2,0,CROISSANTS,4265,61,4264,56,,,4266,117,,,,,4265.5,0
2,0,JAMS,6519,56,6518,125,,,6520,56,6521,125,,,6519.5,0
2,0,VOLCANIC_ROCK_VOUCHER_10000,233,16,,,,,234,16,,,,,233.5,0
2,0,VOLCANIC_ROCK_VOUCHER_10500,8,16,,,,,9,16,,,,,8.5,0
2,0,PICNIC_BASKET1,58702,16,58701,30,,,58712,16,58713,30,,,58707,0
2,100,VOLCANIC_ROCK_VOUCHER_10500,8,12,,,,,9,12,,,,,8.5,-4.960006714
2,100,VOLCANIC_ROCK,10217,114,10216,57,,,10218,114,10219,57,,,10217.5,-205.625
2,100,DJEMBES,13419,20,13418,37,,,13420,57,,,,,13419.5,0
2,100,CROISSANTS,4265,50,4264,87,,,4266,137,,,,,4265.5,-14.890625
2,100,PICNIC_BASKET1,58705,2,58704,10,58703,20,58714,2,58715,10,58716,20,58709.5,-40.375
2,100,PICNIC_BASKET2,30094,2,30093,30,,,30099,12,30100,20,,,30096.5,-5.74609375
2,100,VOLCANIC_ROCK_VOUCHER_9750,468,12,,,,,470,12,,,,,469,-15.88623047
2,100,RAINFOREST_RESIN,9992,34,,,,,10008,34,,,,,10000,0
2,100,VOLCANIC_ROCK_VOUCHER_9500,717,12,,,,,719,12,,,,,718,-16.41894531
2,100,VOLCANIC_ROCK_VOUCHER_10250,62,12,,,,,63,12,,,,,62.5,-16.30877686
2,100,KELP,2046,7,2045,4,2044,33,2047,30,,,,,2046.5,-36.5625
2,100,SQUID_INK,1802,7,1801,4,1800,33,1803,30,,,,,1802.5,-17.91796875
2,100,JAMS,6519,189,,,,,6521,189,,,,,6520,-4.8125
2,100,VOLCANIC_ROCK_VOUCHER_10000,234,12,,,,,235,12,,,,,234.5,1.454345703
2,200,SQUID_INK,1801,20,,,,,1804,20,,,,,1802.5,5.3828125
2,200,JAMS,6519,75,6518,153,,,6520,75,6521,153,,,6519.5,-20.71875
2,200,RAINFOREST_RESIN,9992,35,,,,,10008,35,,,,,10000,0
2,200,VOLCANIC_ROCK_VOUCHER_10250,64,14,,,,,65,14,,,,,64.5,34.06408691
2,200,DJEMBES,13419,25,13418,42,,,13420,67,,,,,13419.5,0
2,200,KELP,2044,20,,,,,2047,20,,,,,2045.5,-40.0703125
2,200,VOLCANIC_ROCK_VOUCHER_10000,235,14,,,,,236,14,,,,,235.5,28.60327148
2,200,VOLCANIC_ROCK,10221,135,10220,57,,,10223,192,,,,,10222,836.5
2,200,VOLCANIC_ROCK_VOUCHER_10500,9,14,,,,,10,14,,,,,9.5,0.16960144
2,200,PICNIC_BASKET1,58710,14,58709,25,,,58721,14,58722,25,,,58715.5,33.5625
2,200,PICNIC_BASKET2,30092,14,30091,25,,,30098,39,,,,,30095,-59.0625
2,200,VOLCANIC_ROCK_VOUCHER_9750,473,14,,,,,474,14,,,,,473.5,53.34863281
2,200,CROISSANTS,4265,118,,,,,4266,118,,,,,4265.5,-34.015625
2,200,VOLCANIC_ROCK_VOUCHER_9500,722,14,,,,,723,14,,,,,722.5,49.91015625
2,300,PICNIC_BASKET1,58712,1,58711,19,58710,22,58721,1,58722,19,58723,22,58716.5,-42
2,300,PICNIC_BASKET2,30093,1,30092,41,,,30098,1,30099,41,,,30095.5,-144.625
2,300,VOLCANIC_ROCK_VOUCHER_9750,474,20,,,,,475,20,,,,,474.5,50.75378418
2,300,VOLCANIC_ROCK_VOUCHER_9500,723,20,,,,,724,20,,,,,723.5,51.45935059
2,300,CROISSANTS,4265,110,,,,,4266,110,,,,,4265.5,-41.21875
2,300,JAMS,6519,53,6518,199,,,6520,53,6521,199,,,6519.5,-26.34375
2,300,VOLCANIC_ROCK_VOUCHER_10250,65,20,,,,,66,20,,,,,65.5,31.92901611
2,300,KELP,2044,21,,,,,2047,21,,,,,2045.5,-47.15625
2,300,SQUID_INK,1801,21,,,,,1804,21,,,,,1802.5,10.81640625
2,300,VOLCANIC_ROCK_VOUCHER_10000,235,20,,,,,236,20,,,,,235.5,17.2789917
2,300,VOLCANIC_ROCK,10222,181,,,,,10224,138,10225,43,,,10223,909.5
2,300,VOLCANIC_ROCK_VOUCHER_10500,9,20,,,,,10,20,,,,,9.5,2.094406128
2,300,RAINFOREST_RESIN,9992,27,,,,,10008,27,,,,,10000,0
2,300,DJEMBES,13419,64,,,,,13420,64,,,,,13419.5,0
2,400,VOLCANIC_ROCK,10216,172,,,,,10218,128,10219,44,,,10217,1031.8125
2,400,CROISSANTS,4266,47,4265,78,,,4267,125,,,,,4266.5,-67.796875
2,400,JAMS,6519,78,6518,189,,,6520,78,6521,189,,,6519.5,-31.90625
2,400,VOLCANIC_ROCK_VOUCHER_10250,62,19,,,,,63,19,,,,,62.5,39.47839355
2,400,DJEMBES,13419,68,,,,,13420,21,13421,47,,,13419.5,0
2,400,KELP,2044,38,,,,,2047,30,,,,,2045.5,-45.47265625
2,400,VOLCANIC_ROCK_VOUCHER_10000,234,19,,,,,235,19,,,,,234.5,14.32000732
2,400,VOLCANIC_ROCK_VOUCHER_10500,8,19,,,,,9,19,,,,,8.5,-5.558395386
2,400,PICNIC_BASKET1,58710,19,58709,21,,,58721,19,58722,21,,,58715.5,-45.41796875
2,400,PICNIC_BASKET2,30096,40,,,,,30103,40,,,,,30099.5,65.25
2,400,VOLCANIC_ROCK_VOUCHER_9750,468,19,,,,,469,19,,,,,468.5,142.8369141
2,400,RAINFOREST_RESIN,9992,31,,,,,10008,31,,,,,10000,0
2,400,VOLCANIC_ROCK_VOUCHER_9500,717,19,,,,,718,19,,,,,717.5,150.9042969
2,400,SQUID_INK,1800,38,,,,,1803,30,,,,,1801.5,-17.6015625
2,500,RAINFOREST_RESIN,9992,34,,,,,10008,34,,,,,10000,0
2,500,VOLCANIC_ROCK_VOUCHER_9500,716,16,,,,,718,16,,,,,717,138.9498291
2,500,JAMS,6518,286,,,,,6520,286,,,,,6519,-38.53125
2,500,VOLCANIC_ROCK_VOUCHER_10250,62,16,,,,,63,16,,,,,62.5,32.77008057
2,500,KELP,2045,6,2044,29,,,2047,22,,,,,2046,-46.609375
2,500,SQUID_INK,1802,6,1801,29,,,1804,22,,,,,1803,4.62109375
2,500,VOLCANIC_ROCK_VOUCHER_10000,229,16,,,,,230,16,,,,,229.5,-107.2490234
2,500,VOLCANIC_ROCK,10216,143,10215,63,,,10217,143,10218,63,,,10216.5,877.75
2,500,VOLCANIC_ROCK_VOUCHER_10500,8,16,,,,,9,16,,,,,8.5,-12.78900146
2,500,DJEMBES,13419,63,,,,,13420,27,13421,36,,,13419.5,0
2,500,CROISSANTS,4265,125,,,,,4266,39,4267,86,,,4265.5,-53.609375
2,500,PICNIC_BASKET1,58710,16,58709,27,,,58721,16,58722,27,,,58715.5,-155.25
2,500,PICNIC_BASKET2,30097,43,,,,,30103,16,30104,27,,,30100,106.5
2,500,VOLCANIC_ROCK_VOUCHER_9750,468,16,,,,,469,16,,,,,468.5,139.0643005
2,600,VOLCANIC_ROCK_VOUCHER_10500,8,20,,,,,9,20,,,,,8.5,-23.41918945
2,600,PICNIC_BASKET1,58706,4,58701,20,58700,21,58712,20,58713,21,,,58709,79.75
2,600,PICNIC_BASKET2,30098,4,30095,41,,,30101,20,30102,21,,,30099.5,-4.5
2,600,VOLCANIC_ROCK_VOUCHER_9750,466,20,,,,,467,20,,,,,466.5,96.96777344
2,600,CROISSANTS,4264,129,,,,,4266,129,,,,,4265,-0.453125
2,600,VOLCANIC_ROCK_VOUCHER_9500,715,20,,,,,716,20,,,,,715.5,98.04101563
2,600,SQUID_INK,1802,29,,,,,1805,29,,,,,1803.5,30.5546875
2,600,VOLCANIC_ROCK,10214,192,,,,,10216,133,10217,59,,,10215,526.75
2,600,JAMS,6518,256,,,,,6520,256,,,,,6519,-41.5625
2,600,RAINFOREST_RESIN,9992,30,,,,,10008,30,,,,,10000,0
2,600,VOLCANIC_ROCK_VOUCHER_10250,62,20,,,,,63,20,,,,,62.5,10.05554199
2,600,DJEMBES,13419,55,,,,,13420,55,,,,,13419.5,0
2,600,KELP,2044,29,,,,,2047,29,,,,,2045.5,-43.48828125
2,600,VOLCANIC_ROCK_VOUCHER_10000,228,20,,,,,230,20,,,,,229,-125.4560547
2,700,CROISSANTS,4265,57,4264,63,,,4266,120,,,,,4265.5,-14.359375
2,700,KELP,2045,4,2044,30,,,2047,30,,,,,2046,-37.45703125
2,700,JAMS,6519,261,,,,,6521,261,,,,,6520,15.625
2,700,VOLCANIC_ROCK_VOUCHER_10250,63,19,,,,,64,19,,,,,63.5,82.56542969
2,700,VOLCANIC_ROCK_VOUCHER_10000,232,19,,,,,233,19,,,,,232.5,68.11425781
2,700,SQUID_INK,1803,5,1802,29,,,1805,1,1806,29,,,1804,53.984375
2,700,VOLCANIC_ROCK,10219,128,10218,66,,,10220,128,10221,66,,,10219.5,1930.5
2,700,VOLCANIC_ROCK_VOUCHER_10500,8,19,,,,,9,19,,,,,8.5,-8.789794922
2,700,RAINFOREST_RESIN,9992,30,,,,,10008,30,,,,,10000,0
2,700,DJEMBES,13419,59,,,,,13421,59,,,,,13420,0
2,700,PICNIC_BASKET1,58707,1,58706,18,58705,29,58716,1,58717,18,58718,29,58711.5,-126.5
2,700,PICNIC_BASKET2,30098,1,30097,47,,,30103,19,30104,29,,,30100.5,112
2,700,VOLCANIC_ROCK_VOUCHER_9750,470,19,,,,,471,19,,,,,470.5,244.5683594
2,700,VOLCANIC_ROCK_VOUCHER_9500,719,19,,,,,720,19,,,,,719.5,251.3027344
2,800,PICNIC_BASKET2,30100,1,30099,30,,,30105,11,30106,20,,,30102.5,212.625
2,800,VOLCANIC_ROCK_VOUCHER_9750,472,11,,,,,473,11,,,,,472.5,305.9824219
2,800,RAINFOREST_RESIN,9992,27,,,,,10008,27,,,,,10000,0
2,800,VOLCANIC_ROCK_VOUCHER_9500,721,11,,,,,722,11,,,,,721.5,308.6875
2,800,SQUID_INK,1804,28,,,,,1805,1,1807,28,,,1804.5,98.375
2,800,VOLCANIC_ROCK,10221,5,10220,176,,,10222,129,10223,47,,,10221.5,2450
2,800,CROISSANTS,4265,93,,,,,4266,42,4267,51,,,4265.5,-48.78125
2,800,KELP,2043,28,,,,,2044,1,2047,28,,,2043.5,-29.16015625
2,800,JAMS,6519,225,,,,,6521,225,,,,,6520,2.25
2,800,VOLCANIC_ROCK_VOUCHER_10250,64,11,,,,,65,11,,,,,64.5,113.6413574
2,800,DJEMBES,13419,57,,,,,13421,57,,,,,13420,0
2,800,VOLCANIC_ROCK_VOUCHER_10000,235,11,,,,,236,11,,,,,235.5,238.8105469
2,800,VOLCANIC_ROCK_VOUCHER_10500,8,11,,,,,9,11,,,,,8.5,-1.295959473
2,800,PICNIC_BASKET1,58710,1,58709,10,58708,20,58719,1,58720,10,58721,20,58714.5,-240
2,900,VOLCANIC_ROCK_VOUCHER_10500,8,18,,,,,9,18,,,,,8.5,-28.97686768
2,900,DJEMBES,13418,49,,,,,13420,49,,,,,13419,0
2,900,CROISSANTS,4265,109,,,,,4266,109,,,,,4265.5,-22.75
2,900,PICNIC_BASKET1,58707,18,58706,19,,,58717,1,58718,36,,,58712,-146.5
2,900,PICNIC_BASKET2,30096,1,30095,36,,,30101,18,30102,19,,,30098.5,9.875
2,900,VOLCANIC_ROCK_VOUCHER_9750,469,18,,,,,470,18,,,,,469.5,223.8623047
2,900,RAINFOREST_RESIN,9992,32,,,,,10008,32,,,,,10000,0
2,900,VOLCANIC_ROCK_VOUCHER_9500,717,18,,,,,718,18,,,,,717.5,209.2792969
2,900,KELP,2043,25,,,,,2047,25,,,,,2045,-28.359375
2,900,JAMS,6519,222,,,,,6521,222,,,,,6520,3.59375
2,900,VOLCANIC_ROCK_VOUCHER_10250,62,18,,,,,63,18,,,,,62.5,48.61230469
2,900,VOLCANIC_ROCK_VOUCHER_10000,231,18,,,,,232,18,,,,,231.5,33.96972656
2,900,SQUID_INK,1803,25,,,,,1806,25,,,,,1804.5,75.76953125
2,900,VOLCANIC_ROCK,10217,125,10216,54,,,10218,125,10219,54,,,10217.5,1206.25
2,1000,SQUID_INK,1804,22,,,,,1807,22,,,,,1805.5,85.4609375
2,1000,VOLCANIC_ROCK,10216,126,10215,68,,,10218,194,,,,,10217,1000
2,1000,KELP,2043,22,,,,,2047,22,,,,,2045,-28.90625
2,1000,JAMS,6520,241,,,,,6522,241,,,,,6521,56.46875
2,1000,RAINFOREST_RESIN,9992,33,,,,,9998,3,10003,7,10008,33,9995,0
2,1000,VOLCANIC_ROCK_VOUCHER_10250,62,12,,,,,63,12,,,,,62.5,33.85742188
2,1000,DJEMBES,13418,61,,,,,13419,22,13420,39,,,13418.5,0
2,1000,VOLCANIC_ROCK_VOUCHER_10000,230,12,,,,,231,12,,,,,230.5,-106.6894531
2,1000,VOLCANIC_ROCK_VOUCHER_10500,8,12,,,,,9,12,,,,,8.5,-39.67456055
2,1000,PICNIC_BASKET1,58719,5,58718,22,,,58730,12,58731,22,,,58724.5,-968.25
2,1000,PICNIC_BASKET2,30104,34,,,,,30105,7,30111,34,,,30104.5,500.375
2,1000,VOLCANIC_ROCK_VOUCHER_9750,468,12,,,,,469,12,,,,,468.5,180.1152344
2,1000,CROISSANTS,4266,116,,,,,4267,63,4268,53,,,4266.5,-110.171875
2,1000,VOLCANIC_ROCK_VOUCHER_9500,717,12,,,,,718,12,,,,,717.5,178.2363281
2,1100,PICNIC_BASKET1,58720,1,58719,18,58718,18,58729,1,58730,18,58731,18,58724.5,-997
2,1100,PICNIC_BASKET2,30107,19,30106,18,,,30112,1,30113,36,,,30109.5,421.3125
2,1100,VOLCANIC_ROCK_VOUCHER_9750,468,19,,,,,469,19,,,,,468.5,145.3613281
2,1100,VOLCANIC_ROCK_VOUCHER_9500,717,19,,,,,718,19,,,,,717.5,160.4296875
2,1100,CROISSANTS,4266,133,,,,,4267,133,,,,,4266.5,-100.9375
2,1100,KELP,2043,27,,,,,2045,4,2047,27,,,2044,-26.484375
2,1100,JAMS,6521,218,,,,,6523,218,,,,,6522,119.1875
2,1100,VOLCANIC_ROCK_VOUCHER_10250,62,19,,,,,63,19,,,,,62.5,25.11181641
2,1100,VOLCANIC_ROCK_VOUCHER_10000,231,19,,,,,232,19,,,,,231.5,-29.96875
2,1100,SQUID_INK,1804,27,,,,,1806,4,1807,27,,,1805,93.140625
2,1100,VOLCANIC_ROCK,10216,144,10215,65,,,10218,209,,,,,10217,986
2,1100,VOLCANIC_ROCK_VOUCHER_10500,8,19,,,,,9,19,,,,,8.5,-47.51379395
2,1100,RAINFOREST_RESIN,10003,10,9992,31,,,10008,31,,,,,10005.5,6
2,1100,DJEMBES,13418,50,,,,,13419,18,13420,32,,,13418.5,0
2,1200,VOLCANIC_ROCK,10216,123,10215,68,,,10217,123,10218,68,,,10216.5,923.5
2,1200,CROISSANTS,4266,125,,,,,4267,53,4268,64,,,4266.5,-107.28125
2,1200,DJEMBES,13418,69,,,,,13420,69,,,,,13419,0
2,1200,KELP,2043,24,,,,,2047,24,,,,,2045,-24.890625
2,1200,JAMS,6521,262,,,,,6523,262,,,,,6522,-125.5
2,1200,VOLCANIC_ROCK_VOUCHER_10250,62,4,,,,,63,19,,,,,62.5,11.55517578
2,1200,VOLCANIC_ROCK_VOUCHER_10000,230,4,,,,,231,19,,,,,230.5,-115.7363281
2,1200,VOLCANIC_ROCK_VOUCHER_10500,8,4,,,,,9,19,,,,,8.5,-56.53491211
2,1200,PICNIC_BASKET1,58722,19,58721,28,,,58732,2,58733,45,,,58727,-1136.75
2,1200,PICNIC_BASKET2,30110,2,30109,45,,,30115,19,30116,28,,,30112.5,375.4277344
2,1200,VOLCANIC_ROCK_VOUCHER_9750,467,4,,,,,468,19,,,,,467.5,112.5390625
2,1200,RAINFOREST_RESIN,9992,31,,,,,10003,8,10008,31,,,9997.5,6
2,1200,VOLCANIC_ROCK_VOUCHER_9500,716,4,,,,,717,19,,,,,716.5,133.296875
2,1200,SQUID_INK,1804,24,,,,,1807,24,,,,,1805.5,94.734375
2,1300,RAINFOREST_RESIN,10001,1,9992,26,,,10008,26,,,,,10004.5,-18
2,1300,VOLCANIC_ROCK_VOUCHER_9500,717,19,,,,,718,19,,,,,717.5,184.75
2,1300,KELP,2043,30,,,,,2047,31,,,,,2045,-24.21875
2,1300,VOLCANIC_ROCK_VOUCHER_10250,62,19,,,,,63,19,,,,,62.5,27.11083984
2,1300,JAMS,6522,249,,,,,6524,249,,,,,6523,-282.375
2,1300,VOLCANIC_ROCK_VOUCHER_10000,230,19,,,,,231,19,,,,,230.5,-75.39648438
2,1300,SQUID_INK,1803,30,,,,,1807,31,,,,,1805,83.12109375
2,1300,VOLCANIC_ROCK,10216,202,,,,,10218,125,10219,77,,,10217,1147
2,1300,DJEMBES,13416,49,,,,,13417,49,,,,,13416.5,0
2,1300,VOLCANIC_ROCK_VOUCHER_10500,8,19,,,,,9,19,,,,,8.5,-59.25146484
2,1300,CROISSANTS,4266,137,,,,,4267,54,4268,83,,,4266.5,-108.421875
2,1300,VOLCANIC_ROCK_VOUCHER_9750,469,19,,,,,470,19,,,,,469.5,224.921875
2,1300,PICNIC_BASKET1,58723,1,58722,18,58721,17,58732,1,58733,18,58734,17,58727.5,-1155.25
2,1300,PICNIC_BASKET2,30109,19,30108,17,,,30115,36,,,,,30112,371.0117188
2,1400,PICNIC_BASKET1,58723,16,58722,29,,,58734,16,58735,29,,,58728.5,-1216.75
2,1400,VOLCANIC_ROCK_VOUCHER_10500,8,16,,,,,9,16,,,,,8.5,-50.66601563
2,1400,VOLCANIC_ROCK_VOUCHER_9500,718,16,,,,,719,16,,,,,718.5,289
2,1400,PICNIC_BASKET2,30108,45,,,,,30114,16,30115,29,,,30111,328
2,1400,CROISSANTS,4266,162,,,,,4267,64,4268,98,,,4266.5,-112.859375
2,1400,VOLCANIC_ROCK_VOUCHER_9750,469,16,,,,,470,16,,,,,469.5,227.1171875
2,1400,SQUID_INK,1804,24,,,,,1805,2,1807,24,,,1804.5,103.9179688
2,1400,VOLCANIC_ROCK,10217,195,,,,,10219,140,10220,55,,,10218,1484.75
2,1400,DJEMBES,13415,60,,,,,13416,29,13417,31,,,13415.5,0
2,1400,KELP,2043,24,,,,,2044,2,2047,24,,,2043.5,-25.609375
2,1400,JAMS,6523,98,6522,169,,,6524,98,6525,169,,,6523.5,-332.5
2,1400,VOLCANIC_ROCK_VOUCHER_10000,230,16,,,,,231,16,,,,,230.5,-101.6523438
2,1400,RAINFOREST_RESIN,10002,4,9992,29,,,10008,29,,,,,10005,-18
2,1400,VOLCANIC_ROCK_VOUCHER_10250,63,16,,,,,64,16,,,,,63.5,78.04980469
2,1500,KELP,2043,21,,,,,2044,1,2047,21,,,2043.5,-27.0703125
2,1500,CROISSANTS,4266,144,,,,,4267,144,,,,,4266.5,-98.859375
2,1500,JAMS,6523,192,,,,,6525,192,,,,,6524,-518.5
2,1500,VOLCANIC_ROCK_VOUCHER_10000,231,17,,,,,232,17,,,,,231.5,-49.15625
2,1500,VOLCANIC_ROCK_VOUCHER_10250,63,17,,,,,64,17,,,,,63.5,52.78759766
2,1500,SQUID_INK,1804,20,,,,,1807,21,,,,,1805.5,102.8125
2,1500,VOLCANIC_ROCK,10217,134,10216,74,,,10219,208,,,,,10218,1336
2,1500,DJEMBES,13414,64,,,,,13415,64,,,,,13414.5,0
2,1500,VOLCANIC_ROCK_VOUCHER_10500,8,17,,,,,9,17,,,,,8.5,-58.05432129
2,1500,RAINFOREST_RESIN,9997,7,9992,26,,,10008,26,,,,,10002.5,-18
2,1500,VOLCANIC_ROCK_VOUCHER_9750,469,17,,,,,470,17,,,,,469.5,230.84375
2,1500,PICNIC_BASKET1,58724,1,58723,16,58722,22,58733,1,58734,38,,,58728.5,-1200.25
2,1500,PICNIC_BASKET2,30110,17,30109,22,,,30115,1,30116,38,,,30112.5,81.5
2,1500,VOLCANIC_ROCK_VOUCHER_9500,718,17,,,,,719,17,,,,,718.5,226.0625
2,1600,VOLCANIC_ROCK_VOUCHER_9500,719,16,,,,,721,16,,,,,720,486.125
2,1600,PICNIC_BASKET2,30116,37,,,,,30122,16,30123,21,,,30119,-493.75
2,1600,VOLCANIC_ROCK_VOUCHER_9750,471,16,,,,,472,16,,,,,471.5,468.265625
2,1600,RAINFOREST_RESIN,9992,26,,,,,10003,7,10008,26,,,9997.5,-18
2,1600,SQUID_INK,1803,28,,,,,1806,28,,,,,1804.5,60.84375
2,1600,VOLCANIC_ROCK,10219,131,10218,44,,,10220,131,10221,44,,,10219.5,1990
2,1600,DJEMBES,13415,66,,,,,13417,66,,,,,13416,0
2,1600,KELP,2043,28,,,,,2047,28,,,,,2045,-20.984375
2,1600,CROISSANTS,4267,125,,,,,4269,125,,,,,4268,-184.78125
2,1600,JAMS,6523,249,,,,,6525,249,,,,,6524,-548.875
2,1600,VOLCANIC_ROCK_VOUCHER_10000,233,16,,,,,234,16,,,,,233.5,300.5625
2,1600,VOLCANIC_ROCK_VOUCHER_10250,63,16,,,,,64,16,,,,,63.5,161.7246094
2,1600,PICNIC_BASKET1,58733,16,58732,21,,,58744,16,58745,21,,,58738.5,-1834.75
2,1600,VOLCANIC_ROCK_VOUCHER_10500,8,16,,,,,9,16,,,,,8.5,-26.86523438
2,1700,DJEMBES,13416,60,,,,,13417,60,,,,,13416.5,0
2,1700,VOLCANIC_ROCK_VOUCHER_10500,8,19,,,,,9,19,,,,,8.5,-60.66748047
2,1700,CROISSANTS,4268,38,4267,98,,,4269,136,,,,,4268.5,-357.5
2,1700,VOLCANIC_ROCK_VOUCHER_9750,468,19,,,,,469,19,,,,,468.5,128.5195313
2,1700,PICNIC_BASKET1,58730,19,58729,17,,,58741,36,,,,,58735.5,-1617
2,1700,PICNIC_BASKET2,30119,36,,,,,30125,19,30126,17,,,30122,-747
2,1700,RAINFOREST_RESIN,10002,4,9992,32,,,10008,32,,,,,10005,-39
2,1700,VOLCANIC_ROCK_VOUCHER_9500,717,19,,,,,718,19,,,,,717.5,133.1796875
2,1700,KELP,2043,25,,,,,2047,25,,,,,2045,-22.6171875
2,1700,JAMS,6523,236,,,,,6525,236,,,,,6524,-538.75
2,1700,VOLCANIC_ROCK_VOUCHER_10000,234,19,,,,,235,19,,,,,234.5,596.9140625
2,1700,VOLCANIC_ROCK_VOUCHER_10250,62,19,,,,,63,19,,,,,62.5,31.55029297
2,1700,SQUID_INK,1803,25,,,,,1806,25,,,,,1804.5,56.50390625
2,1700,VOLCANIC_ROCK,10216,209,,,,,10218,133,10219,78,,,10217,1147
2,1800,KELP,2045,2,2043,28,,,2047,28,,,,,2046,-22.6171875
2,1800,SQUID_INK,1804,2,1803,1,1802,27,1806,28,,,,,1805,55.140625
2,1800,VOLCANIC_ROCK,10219,120,10218,77,,,10220,120,10221,77,,,10219.5,1876.25
2,1800,DJEMBES,13416,53,,,,,13418,53,,,,,13417,0
2,1800,JAMS,6522,175,,,,,6524,175,,,,,6523,-213.75
2,1800,VOLCANIC_ROCK_VOUCHER_10000,230,29,,,,,231,15,,,,,230.5,-33.890625
2,1800,RAINFOREST_RESIN,9992,33,,,,,10008,33,,,,,10000,-39
2,1800,VOLCANIC_ROCK_VOUCHER_10250,63,29,,,,,64,15,,,,,63.5,157.9355469
2,1800,PICNIC_BASKET1,58726,1,58725,14,58724,21,58735,1,58736,14,58737,21,58730.5,-1354.75
2,1800,VOLCANIC_ROCK_VOUCHER_10500,8,29,,,,,9,15,,,,,8.5,-31.79077148
2,1800,VOLCANIC_ROCK_VOUCHER_9500,719,29,,,,,720,15,,,,,719.5,503.5078125
2,1800,PICNIC_BASKET2,30118,1,30117,35,,,30123,15,30124,21,,,30120.5,-585
2,1800,CROISSANTS,4268,62,4267,59,,,4269,121,,,,,4268.5,-366.375
2,1800,VOLCANIC_ROCK_VOUCHER_9750,470,29,,,,,471,15,,,,,470.5,430
2,1900,VOLCANIC_ROCK_VOUCHER_9750,476,28,,,,,477,15,,,,,476.5,1296.804688
2,1900,PICNIC_BASKET1,58721,1,58720,14,58719,23,58730,1,58731,14,58732,23,58725.5,-1043.25
2,1900,PICNIC_BASKET2,30115,1,30114,37,,,30120,15,30121,23,,,30117.5,-322
2,1900,VOLCANIC_ROCK_VOUCHER_9500,724,28,,,,,725,1,726,14,,,724.5,1344.445313
2,1900,SQUID_INK,1804,1,1803,27,,,1806,1,1807,27,,,1805,81.17578125
2,1900,CROISSANTS,4267,132,,,,,4269,132,,,,,4268,-316.5
2,1900,JAMS,6522,79,6521,188,,,6523,79,6524,188,,,6522.5,-162
2,1900,VOLCANIC_ROCK_VOUCHER_10000,237,28,,,,,238,15,,,,,237.5,1218.730469
2,1900,VOLCANIC_ROCK_VOUCHER_10250,66,28,,,,,67,15,,,,,66.5,500.09375
2,1900,VOLCANIC_ROCK,10224,110,10223,59,,,10225,119,10226,59,,,10224.5,3696.75
2,1900,DJEMBES,13415,23,13414,50,,,13416,73,,,,,13415.5,0
2,1900,VOLCANIC_ROCK_VOUCHER_10500,9,28,,,,,10,15,,,,,9.5,50.57202148
2,1900,RAINFOREST_RESIN,10002,4,9992,34,,,10008,34,,,,,10005,-39
2,1900,KELP,2043,28,,,,,2047,28,,,,,2045,-25.23046875
2,2000,VOLCANIC_ROCK,10222,181,,,,,10224,121,10225,60,,,10223,3264
2,2000,DJEMBES,13415,59,,,,,13417,59,,,,,13416,0
2,2000,CROISSANTS,4268,50,4267,75,,,4269,125,,,,,4268.5,-355.125
2,2000,JAMS,6520,263,,,,,6522,263,,,,,6521,305.375
2,2000,VOLCANIC_ROCK_VOUCHER_10000,237,19,,,,,238,19,,,,,237.5,1161.53125
2,2000,VOLCANIC_ROCK_VOUCHER_10250,65,19,,,,,66,19,,,,,65.5,415.0771484
2,2000,KELP,2043,30,,,,,2047,30,,,,,2045,-25.0078125
2,2000,PICNIC_BASKET1,58721,1,58720,37,,,58731,19,58732,19,,,58726,-1070.25
2,2000,VOLCANIC_ROCK_VOUCHER_10500,9,19,,,,,10,19,,,,,9.5,26.05688477
2,2000,VOLCANIC_ROCK_VOUCHER_9500,723,19,,,,,724,19,,,,,723.5,1129.085938
2,2000,PICNIC_BASKET2,30110,19,30109,19,,,30116,38,,,,,30113,30.5
2,2000,VOLCANIC_ROCK_VOUCHER_9750,474,19,,,,,475,19,,,,,474.5,1090.394531
2,2000,RAINFOREST_RESIN,9992,32,,,,,10008,32,,,,,10000,-39
2,2000,SQUID_INK,1805,30,,,,,1808,30,,,,,1806.5,112.625
2,2100,RAINFOREST_RESIN,9992,29,,,,,10008,29,,,,,10000,-39
2,2100,VOLCANIC_ROCK_VOUCHER_9500,724,19,,,,,725,19,,,,,724.5,1231.101563
2,2100,KELP,2043,29,,,,,2047,29,,,,,2045,-25.83203125
2,2100,SQUID_INK,1804,29,,,,,1808,29,,,,,1806,109.578125
2,2100,JAMS,6520,216,,,,,6522,216,,,,,6521,323
2,2100,VOLCANIC_ROCK_VOUCHER_10000,239,19,,,,,240,19,,,,,239.5,1424.853516
2,2100,VOLCANIC_ROCK_VOUCHER_10250,65,19,,,,,66,19,,,,,65.5,454.1044922
2,2100,VOLCANIC_ROCK,10223,183,,,,,10225,143,10226,40,,,10224,3125.1875
2,2100,DJEMBES,13415,68,,,,,13417,68,,,,,13416,0
2,2100,VOLCANIC_ROCK_VOUCHER_10500,9,19,,,,,10,19,,,,,9.5,41.99926758
2,2100,CROISSANTS,4267,112,,,,,4269,112,,,,,4268,-314.5625
2,2100,VOLCANIC_ROCK_VOUCHER_9750,475,19,,,,,476,19,,,,,475.5,1151.792969
2,2100,PICNIC_BASKET1,58720,19,58719,23,,,58731,19,58732,23,,,58725.5,-1055
2,2100,PICNIC_BASKET2,30110,19,30109,23,,,30116,42,,,,,30113,45
2,2200,PICNIC_BASKET1,58715,1,58714,13,58713,24,58724,1,58725,13,58726,24,58719.5,-697.5
2,2200,VOLCANIC_ROCK_VOUCHER_10500,9,14,,,,,10,14,,,,,9.5,42.8828125
2,2200,VOLCANIC_ROCK_VOUCHER_9500,724,14,,,,,725,14,,,,,724.5,1234.015625
2,2200,PICNIC_BASKET2,30109,14,30108,24,,,30114,1,30115,37,,,30111.5,133.75
2,2200,CROISSANTS,4267,144,,,,,4268,144,,,,,4267.5,-227.0625
2,2200,VOLCANIC_ROCK_VOUCHER_9750,476,14,,,,,477,14,,,,,476.5,1194.476563
2,2200,KELP,2044,29,,,,,2047,29,,,,,2045.5,-29.06640625
2,2200,SQUID_INK,1804,29,,,,,1807,29,,,,,1805.5,103.0703125
2,2200,VOLCANIC_ROCK,10224,110,10223,66,,,10225,110,10226,66,,,10224.5,2883.25
2,2200,DJEMBES,13416,72,,,,,13417,72,,,,,13416.5,0
2,2200,JAMS,6520,99,6519,154,,,6521,99,6522,154,,,6520.5,372
2,2200,VOLCANIC_ROCK_VOUCHER_10000,234,14,,,,,235,14,,,,,234.5,800.5390625
2,2200,RAINFOREST_RESIN,10002,3,9992,27,,,10008,27,,,,,10005,-39
2,2200,VOLCANIC_ROCK_VOUCHER_10250,65,14,,,,,66,14,,,,,65.5,440.262207
2,2300,SQUID_INK,1804,22,,,,,1807,22,,,,,1805.5,84.08984375
2,2300,CROISSANTS,4267,36,4266,88,,,4268,134,,,,,4267.5,-114.9375
2,2300,JAMS,6520,88,6519,137,,,6521,88,6522,137,,,6520.5,345.625
2,2300,VOLCANIC_ROCK_VOUCHER_10000,236,20,,,,,237,20,,,,,236.5,1096.146484
2,2300,VOLCANIC_ROCK_VOUCHER_10250,65,20,,,,,66,20,,,,,65.5,418.0498047
2,2300,VOLCANIC_ROCK,10223,102,10222,68,,,10225,170,,,,,10224,2964.5
2,2300,VOLCANIC_ROCK_VOUCHER_10500,9,20,,,,,10,20,,,,,9.5,42.46911621
2,2300,RAINFOREST_RESIN,9992,27,,,,,10003,7,10008,27,,,9997.5,-39
2,2300,DJEMBES,13416,73,,,,,13417,73,,,,,13416.5,0
2,2300,KELP,2044,22,,,,,2047,22,,,,,2045.5,-29.88671875
2,2300,VOLCANIC_ROCK_VOUCHER_9750,474,20,,,,,475,20,,,,,474.5,1105.5
2,2300,PICNIC_BASKET1,58713,2,58712,18,58711,27,58722,2,58723,18,58724,27,58717.5,-574
2,2300,PICNIC_BASKET2,30105,47,,,,,30111,20,30112,27,,,30108,439.75
2,2300,VOLCANIC_ROCK_VOUCHER_9500,724,20,,,,,725,20,,,,,724.5,1181.824219
2,2400,VOLCANIC_ROCK_VOUCHER_9500,719,16,,,,,720,16,,,,,719.5,901.6914063
2,2400,PICNIC_BASKET2,30104,16,30103,23,,,30109,1,30110,38,,,30106.5,562.75
2,2400,VOLCANIC_ROCK_VOUCHER_9750,470,16,,,,,471,16,,,,,470.5,874.875
2,2400,RAINFOREST_RESIN,9992,25,,,,,10008,25,,,,,10000,-60
2,2400,SQUID_INK,1804,25,,,,,1807,25,,,,,1805.5,88.94921875
2,2400,VOLCANIC_ROCK,10219,124,10218,63,,,10220,124,10221,63,,,10219.5,4330.5
2,2400,DJEMBES,13416,23,13415,39,,,13417,62,,,,,13416.5,0
2,2400,CROISSANTS,4267,137,,,,,4268,133,,,,,4267.5,-192.5
2,2400,VOLCANIC_ROCK_VOUCHER_10000,232,16,,,,,233,16,,,,,232.5,650.15625
2,2400,VOLCANIC_ROCK_VOUCHER_10250,63,16,,,,,64,16,,,,,63.5,317.1499023
2,2400,JAMS,6520,74,6519,162,,,6521,74,6522,162,,,6520.5,345
2,2400,KELP,2044,25,,,,,2047,25,,,,,2045.5,-33.12890625
2,2400,PICNIC_BASKET1,58713,1,58712,15,58711,23,58722,1,58723,15,58724,23,58717.5,-569.75
2,2400,VOLCANIC_ROCK_VOUCHER_10500,8,16,,,,,9,16,,,,,8.5,-23.9699707
2,2500,VOLCANIC_ROCK_VOUCHER_10500,9,15,,,,,10,15,,,,,9.5,5.094726563
2,2500,DJEMBES,13416,70,,,,,13418,70,,,,,13417,0
2,2500,VOLCANIC_ROCK_VOUCHER_9750,473,15,,,,,474,15,,,,,473.5,1055.173828
2,2500,PICNIC_BASKET1,58715,1,58714,14,58713,23,58724,1,58725,14,58726,23,58719.5,-701.5
2,2500,CROISSANTS,4267,65,4266,68,,,4268,133,,,,,4267.5,-124.25
2,2500,PICNIC_BASKET2,30101,1,30100,37,,,30106,15,30107,23,,,30103.5,836.5
2,2500,RAINFOREST_RESIN,9992,25,,,,,10003,2,10008,25,,,9997.5,-60
2,2500,VOLCANIC_ROCK_VOUCHER_9500,721,15,,,,,722,15,,,,,721.5,1058.765625
2,2500,JAMS,6520,222,,,,,6522,222,,,,,6521,301.75
2,2500,KELP,2044,31,,,,,2047,29,,,,,2045.5,-31.13671875
2,2500,SQUID_INK,1804,31,,,,,1807,29,,,,,1805.5,100.1914063
2,2500,VOLCANIC_ROCK_VOUCHER_10000,237,15,,,,,238,15,,,,,237.5,1176.158203
2,2500,VOLCANIC_ROCK_VOUCHER_10250,64,15,,,,,65,15,,,,,64.5,366.828125
2,2500,VOLCANIC_ROCK,10221,101,10220,43,,,10222,101,10223,43,,,10221.5,3863.75
2,2600,CROISSANTS,4266,121,,,,,4267,53,4268,68,,,4266.5,-21.625
2,2600,JAMS,6520,214,,,,,6522,214,,,,,6521,221
2,2600,KELP,2043,24,,,,,2044,1,2045,7,2047,24,2043.5,-25.265625
2,2600,SQUID_INK,1803,24,,,,,1804,1,1805,7,1806,2,1803.5,80.66796875
2,2600,VOLCANIC_ROCK,10220,98,10219,52,,,10222,155,,,,,10221,3998.25
2,2600,DJEMBES,13417,64,,,,,13419,64,,,,,13418,0
2,2600,VOLCANIC_ROCK_VOUCHER_10000,237,13,,,,,238,13,,,,,237.5,1223.796875
2,2600,RAINFOREST_RESIN,9997,5,9992,28,,,10008,28,,,,,10002.5,-66
2,2600,VOLCANIC_ROCK_VOUCHER_10250,64,13,,,,,65,13,,,,,64.5,352.0620117
2,2600,PICNIC_BASKET1,58714,2,58713,11,58712,30,58723,2,58724,11,58725,30,58718.5,-636.5
2,2600,VOLCANIC_ROCK_VOUCHER_10500,8,13,,,,,9,13,,,,,8.5,-2.650756836
2,2600,VOLCANIC_ROCK_VOUCHER_9500,721,13,,,,,722,13,,,,,721.5,1001.492188
2,2600,PICNIC_BASKET2,30101,2,30100,41,,,30106,13,30107,30,,,30103.5,797.875
2,2600,VOLCANIC_ROCK_VOUCHER_9750,472,13,,,,,473,13,,,,,472.5,1014.910156
2,2700,VOLCANIC_ROCK_VOUCHER_9750,471,21,,,,,473,21,,,,,472,974.2636719
2,2700,PICNIC_BASKET1,58712,2,58711,46,,,58722,21,58723,27,,,58717,-528.5
2,2700,PICNIC_BASKET2,30102,21,30101,27,,,30107,2,30108,46,,,30104.5,682
2,2700,VOLCANIC_ROCK_VOUCHER_9500,720,21,,,,,721,21,,,,,720.5,969.609375
2,2700,CROISSANTS,4266,150,,,,,4268,150,,,,,4267,-90.875
2,2700,SQUID_INK,1804,30,,,,,1807,28,,,,,1805.5,85.87109375
2,2700,VOLCANIC_ROCK_VOUCHER_10000,232,21,,,,,233,21,,,,,232.5,790.8476563
2,2700,VOLCANIC_ROCK_VOUCHER_10250,64,21,,,,,65,21,,,,,64.5,336.737793
2,2700,VOLCANIC_ROCK,10220,149,10219,73,,,10221,149,10222,73,,,10220.5,4190.25
2,2700,VOLCANIC_ROCK_VOUCHER_10500,8,21,,,,,9,21,,,,,8.5,-10.80993652
2,2700,RAINFOREST_RESIN,9992,29,,,,,10008,29,,,,,10000,-66
2,2700,JAMS,6520,250,,,,,6522,255,,,,,6521,304.125
2,2700,DJEMBES,13417,70,,,,,13418,70,,,,,13417.5,0
2,2700,KELP,2044,4,2043,26,,,2047,28,,,,,2045.5,-27.28515625
2,2800,VOLCANIC_ROCK,10220,210,,,,,10222,137,10223,73,,,10221,3943.75
2,2800,DJEMBES,13419,70,,,,,13420,24,13421,46,,,13419.5,0
2,2800,VOLCANIC_ROCK_VOUCHER_10000,234,22,,,,,235,22,,,,,234.5,957.6640625
2,2800,VOLCANIC_ROCK_VOUCHER_10250,64,22,,,,,65,22,,,,,64.5,357.5097656
2,2800,JAMS,6520,185,,,,,6522,185,,,,,6521,318.25
2,2800,KELP,2044,32,,,,,2047,32,,,,,2045.5,-28.23828125
2,2800,PICNIC_BASKET1,58710,2,58709,44,,,58719,2,58720,20,58721,24,58714.5,-406.25
2,2800,VOLCANIC_ROCK_VOUCHER_10500,9,22,,,,,10,22,,,,,9.5,1.10925293
2,2800,VOLCANIC_ROCK_VOUCHER_9500,721,22,,,,,722,22,,,,,721.5,1015.175781
2,2800,PICNIC_BASKET2,30101,2,30100,44,,,30106,2,30107,44,,,30103.5,743.5
2,2800,VOLCANIC_ROCK_VOUCHER_9750,472,22,,,,,473,22,,,,,472.5,1011.509766
2,2800,RAINFOREST_RESIN,9992,31,,,,,10008,31,,,,,10000,-66
2,2800,CROISSANTS,4266,127,,,,,4267,127,,,,,4266.5,3.5
2,2800,SQUID_INK,1803,32,,,,,1806,32,,,,,1804.5,75.90234375
2,2900,RAINFOREST_RESIN,9992,26,,,,,9998,5,10008,26,,,9995,-66
2,2900,VOLCANIC_ROCK_VOUCHER_9500,723,14,,,,,724,14,,,,,723.5,1064.474609
2,2900,CROISSANTS,4267,106,,,,,4268,115,,,,,4267.5,-196.4375
2,2900,JAMS,6520,229,,,,,6522,229,,,,,6521,289.25
2,2900,KELP,2043,31,,,,,2047,31,,,,,2045,-23.94921875
2,2900,VOLCANIC_ROCK_VOUCHER_10000,235,14,,,,,236,14,,,,,235.5,1074.902344
2,2900,SQUID_INK,1803,2,1802,29,,,1806,31,,,,,1804.5,55.828125
2,2900,VOLCANIC_ROCK_VOUCHER_10250,65,14,,,,,66,14,,,,,65.5,408.972168
2,2900,VOLCANIC_ROCK,10222,172,,,,,10224,130,10225,42,,,10223,3316.75
2,2900,VOLCANIC_ROCK_VOUCHER_10500,9,14,,,,,10,14,,,,,9.5,29.51586914
2,2900,DJEMBES,13419,23,13418,41,,,13420,64,,,,,13419.5,0
2,2900,VOLCANIC_ROCK_VOUCHER_9750,474,14,,,,,475,14,,,,,474.5,1081.304688
2,2900,PICNIC_BASKET1,58721,2,58720,12,58719,23,58730,2,58731,12,58732,23,58725.5,-1058.5
2,2900,PICNIC_BASKET2,30104,14,30103,23,,,30109,2,30110,35,,,30106.5,581.5
2,3000,PICNIC_BASKET1,58717,2,58716,11,58715,22,58726,2,58727,11,58728,22,58721.5,-784
2,3000,VOLCANIC_ROCK_VOUCHER_10500,9,13,,,,,10,13,,,,,9.5,104.2459717
2,3000,VOLCANIC_ROCK_VOUCHER_9500,728,13,,,,,729,13,,,,,728.5,1140.958008
2,3000,PICNIC_BASKET2,30101,13,30100,22,,,30106,2,30107,33,,,30103.5,737.625
2,3000,VOLCANIC_ROCK_VOUCHER_9750,479,13,,,,,480,13,,,,,479.5,1266.238281
2,3000,CROISSANTS,4266,114,,,,,4267,59,4268,55,,,4266.5,-43.625
2,3000,KELP,2044,1,2043,29,,,2047,31,,,,,2045.5,-26.234375
2,3000,JAMS,6521,55,6520,148,,,6522,55,6523,148,,,6521.5,146.125
2,3000,SQUID_INK,1803,31,,,,,1804,1,1806,2,1807,29,1803.5,80.6484375
2,3000,VOLCANIC_ROCK,10227,100,10226,64,,,10229,164,,,,,10228,1775
2,3000,DJEMBES,13418,58,,,,,13419,22,13420,36,,,13418.5,7.15625
2,3000,VOLCANIC_ROCK_VOUCHER_10000,240,13,,,,,241,13,,,,,240.5,1476.625
2,3000,RAINFOREST_RESIN,9997,6,9992,29,,,10008,29,,,,,10002.5,-56
2,3000,VOLCANIC_ROCK_VOUCHER_10250,67,13,,,,,68,13,,,,,67.5,502.6425781
2,3100,VOLCANIC_ROCK_VOUCHER_10000,240,21,,,,,241,21,,,,,240.5,1480.794922
2,3100,SQUID_INK,1804,32,,,,,1807,28,,,,,1805.5,96.33203125
2,3100,VOLCANIC_ROCK_VOUCHER_10250,66,21,,,,,67,21,,,,,66.5,470.0629883
2,3100,VOLCANIC_ROCK,10226,142,10225,68,,,10227,142,10228,68,,,10226.5,2295.5
2,3100,VOLCANIC_ROCK_VOUCHER_10500,9,21,,,,,10,21,,,,,9.5,79.27954102
2,3100,RAINFOREST_RESIN,10001,1,9992,34,,,10008,34,,,,,10004.5,-56
2,3100,KELP,2044,6,2043,26,,,2047,28,,,,,2045.5,-25.50390625
2,3100,JAMS,6521,261,,,,,6523,261,,,,,6522,65.5
2,3100,DJEMBES,13418,60,,,,,13419,60,,,,,13418.5,11.9375
2,3100,VOLCANIC_ROCK_VOUCHER_9750,477,21,,,,,479,21,,,,,478,1231.991211
2,3100,PICNIC_BASKET1,58719,21,58718,17,,,58729,2,58730,36,,,58724,-957.25
2,3100,PICNIC_BASKET2,30104,21,30103,17,,,30109,2,30110,36,,,30106.5,575
2,3100,VOLCANIC_ROCK_VOUCHER_9500,726,21,,,,,727,21,,,,,726.5,1132.437988
2,3100,CROISSANTS,4266,131,,,,,4268,131,,,,,4267,-81.0625
2,3200,VOLCANIC_ROCK_VOUCHER_9500,723,18,,,,,724,18,,,,,723.5,1175.245117
2,3200,PICNIC_BASKET2,30105,18,30104,19,,,30111,37,,,,,30108,531.75
2,3200,VOLCANIC_ROCK_VOUCHER_9750,474,18,,,,,475,18,,,,,474.5,1204.158691
2,3200,RAINFOREST_RESIN,9992,25,,,,,10008,25,,,,,10000,-56
2,3200,CROISSANTS,4267,121,,,,,4268,121,,,,,4267.5,-235.625
2,3200,SQUID_INK,1805,23,,,,,1806,5,1809,23,,,1805.5,143.2734375
2,3200,VOLCANIC_ROCK,10222,105,10221,50,,,10224,155,,,,,10223,3356.5
2,3200,DJEMBES,13418,56,,,,,13420,56,,,,,13419,-1.09375
2,3200,VOLCANIC_ROCK_VOUCHER_10000,234,18,,,,,235,18,,,,,234.5,1147.879883
2,3200,VOLCANIC_ROCK_VOUCHER_10250,65,18,,,,,66,18,,,,,65.5,433.4107666
2,3200,KELP,2043,23,,,,,2044,5,2047,23,,,2043.5,-24.30859375
2,3200,JAMS,6521,68,6520,105,,,6522,68,6523,105,,,6521.5,113.125
2,3200,PICNIC_BASKET1,58722,18,58721,19,,,58733,18,58734,19,,,58727.5,-1149.75
2,3200,VOLCANIC_ROCK_VOUCHER_10500,9,18,,,,,10,18,,,,,9.5,30.88842773
2,3300,VOLCANIC_ROCK_VOUCHER_10500,9,11,,,,,10,11,,,,,9.5,41.62329102
2,3300,DJEMBES,13418,48,,,,,13419,48,,,,,13418.5,8.0625
2,3300,VOLCANIC_ROCK_VOUCHER_9750,475,11,,,,,476,11,,,,,475.5,1174.377441
2,3300,PICNIC_BASKET1,58722,11,58721,17,,,58733,11,58734,17,,,58727.5,-1140.75
2,3300,PICNIC_BASKET2,30103,28,,,,,30109,11,30110,17,,,30106,597.375
2,3300,RAINFOREST_RESIN,9992,30,,,,,10003,3,10008,30,,,9997.5,-56
2,3300,VOLCANIC_ROCK_VOUCHER_9500,724,11,,,,,725,11,,,,,724.5,1142.654297
2,3300,CROISSANTS,4267,98,,,,,4268,98,,,,,4267.5,-236.125
2,3300,KELP,2046,1,2043,27,,,2047,27,,,,,2046.5,-18.5390625
2,3300,JAMS,6521,51,6520,157,,,6522,51,6523,157,,,6521.5,86.25
2,3300,VOLCANIC_ROCK_VOUCHER_10000,236,11,,,,,237,11,,,,,236.5,1298.71582
2,3300,SQUID_INK,1807,1,1805,27,,,1809,27,,,,,1808,140.0234375
2,3300,VOLCANIC_ROCK_VOUCHER_10250,65,11,,,,,66,11,,,,,65.5,437.7427979
2,3300,VOLCANIC_ROCK,10223,108,10222,75,,,10225,183,,,,,10224,3074.5
2,3400,CROISSANTS,4267,45,4266,79,,,4268,124,,,,,4267.5,-148.125
2,3400,KELP,2044,7,2043,27,,,2047,27,,,,,2045.5,-17.97265625
2,3400,JAMS,6523,90,6522,122,,,6524,79,6525,122,,,6523.5,-426.75
2,3400,SQUID_INK,1805,34,,,,,1808,27,,,,,1806.5,130.7578125
2,3400,VOLCANIC_ROCK,10219,108,10218,54,,,10221,162,,,,,10220,4340.5
2,3400,DJEMBES,13419,25,13418,42,,,13420,67,,,,,13419.5,-4.875
2,3400,VOLCANIC_ROCK_VOUCHER_10000,234,21,,,,,235,21,,,,,234.5,1171.198242
2,3400,RAINFOREST_RESIN,9992,30,,,,,10008,30,,,,,10000,-65
2,3400,VOLCANIC_ROCK_VOUCHER_10250,64,21,,,,,65,21,,,,,64.5,427.0198975
2,3400,PICNIC_BASKET1,58720,2,58719,19,58718,25,58729,2,58730,19,58731,25,58724.5,-978.5
2,3400,VOLCANIC_ROCK_VOUCHER_10500,8,21,,,,,9,21,,,,,8.5,-20.56713867
2,3400,VOLCANIC_ROCK_VOUCHER_9500,720,21,,,,,721,21,,,,,720.5,1326.691406
2,3400,PICNIC_BASKET2,30104,2,30103,44,,,30109,2,30110,44,,,30106.5,588.625
2,3400,VOLCANIC_ROCK_VOUCHER_9750,471,21,,,,,472,21,,,,,471.5,1285.285156
2,3500,PICNIC_BASKET2,30102,33,,,,,30109,33,,,,,30105.5,633.5
2,3500,VOLCANIC_ROCK_VOUCHER_9750,473,11,,,,,474,11,,,,,473.5,1258.154053
2,3500,PICNIC_BASKET1,58715,11,58714,22,,,58726,11,58727,22,,,58720.5,-760.75
2,3500,CROISSANTS,4267,65,4266,88,,,4268,153,,,,,4267.5,-133
2,3500,VOLCANIC_ROCK_VOUCHER_9500,722,11,,,,,723,11,,,,,722.5,1254.40625
2,3500,VOLCANIC_ROCK_VOUCHER_10000,234,11,,,,,235,11,,,,,234.5,1171.998047
2,3500,SQUID_INK,1806,29,,,,,1807,3,1809,29,,,1806.5,144.7851563
2,3500,VOLCANIC_ROCK_VOUCHER_10250,64,11,,,,,65,11,,,,,64.5,427.9360962
2,3500,VOLCANIC_ROCK,10221,129,10220,64,,,10223,193,,,,,10222,3842.125
2,3500,VOLCANIC_ROCK_VOUCHER_10500,9,11,,,,,10,11,,,,,9.5,12.01318359
2,3500,RAINFOREST_RESIN,9992,30,,,,,10008,30,,,,,10000,-65
2,3500,DJEMBES,13420,58,,,,,13421,58,,,,,13420.5,-67.25
2,3500,KELP,2043,29,,,,,2045,3,2047,29,,,2044,-17.40039063
2,3500,JAMS,6523,232,,,,,6524,88,6525,144,,,6523.5,-498.75
2,3600,VOLCANIC_ROCK_VOUCHER_10500,9,10,,,,,10,10,,,,,9.5,9.400024414
2,3600,VOLCANIC_ROCK,10221,124,10220,44,,,10222,124,10223,44,,,10221.5,3895
2,3600,DJEMBES,13419,54,,,,,13420,54,,,,,13419.5,-16.875
2,3600,VOLCANIC_ROCK_VOUCHER_10250,64,10,,,,,65,10,,,,,64.5,427.8173828
2,3600,KELP,2043,25,,,,,2045,3,2047,25,,,2044,-17.69921875
2,3600,PICNIC_BASKET1,58713,10,58712,15,,,58724,25,,,,,58718.5,-595.25
2,3600,JAMS,6523,70,6522,148,,,6524,70,6525,148,,,6523.5,-456.75
2,3600,VOLCANIC_ROCK_VOUCHER_10000,233,10,,,,,235,10,,,,,234,1157.463867
2,3600,RAINFOREST_RESIN,9992,25,,,,,10008,25,,,,,10000,-65
2,3600,VOLCANIC_ROCK_VOUCHER_9500,721,10,,,,,722,10,,,,,721.5,1266.667969
2,3600,PICNIC_BASKET2,30103,10,30102,15,,,30109,10,30110,15,,,30106,611.5
2,3600,VOLCANIC_ROCK_VOUCHER_9750,472,10,,,,,473,10,,,,,472.5,1264.57373
2,3600,CROISSANTS,4267,123,,,,,4268,53,4269,70,,,4267.5,-249.8125
2,3600,SQUID_INK,1806,25,,,,,1808,3,1809,25,,,1807,155.4453125
2,3700,RAINFOREST_RESIN,9992,34,,,,,10008,34,,,,,10000,-65
2,3700,VOLCANIC_ROCK_VOUCHER_10250,64,12,,,,,65,12,,,,,64.5,427.7923889
2,3700,VOLCANIC_ROCK_VOUCHER_9500,721,12,,,,,722,12,,,,,721.5,1261.261719
2,3700,KELP,2044,2,2043,20,,,2047,20,,,,,2045.5,-17.22949219
2,3700,CROISSANTS,4267,117,,,,,4268,117,,,,,4267.5,-235.125
2,3700,JAMS,6523,71,6522,135,,,6524,71,6525,135,,,6523.5,-421.25
2,3700,VOLCANIC_ROCK_VOUCHER_10000,236,12,,,,,237,12,,,,,236.5,1263.888672
2,3700,SQUID_INK,1806,22,,,,,1809,20,,,,,1807.5,160.921875
2,3700,VOLCANIC_ROCK,10221,110,10220,65,,,10222,110,10223,65,,,10221.5,3893.25
2,3700,DJEMBES,13419,65,,,,,13421,65,,,,,13420,-48.75
2,3700,PICNIC_BASKET2,30101,12,30100,29,,,30107,41,,,,,30104,721
2,3700,VOLCANIC_ROCK_VOUCHER_9750,472,12,,,,,473,12,,,,,472.5,1267.841309
2,3700,VOLCANIC_ROCK_VOUCHER_10500,9,12,,,,,10,12,,,,,9.5,7.181640625
2,3700,PICNIC_BASKET1,58714,12,58713,29,,,58725,41,,,,,58719.5,-656.25
2,3800,PICNIC_BASKET1,58706,15,58705,28,,,58717,43,,,,,58711.5,-177
2,3800,VOLCANIC_ROCK_VOUCHER_10500,8,26,,,,,9,15,,,,,8.5,-57.26477051
2,3800,VOLCANIC_ROCK_VOUCHER_9500,718,11,717,15,,,719,15,,,,,718.5,1403.451172
2,3800,PICNIC_BASKET2,30101,15,30100,28,,,30107,43,,,,,30104,588.5
2,3800,VOLCANIC_ROCK_VOUCHER_9750,469,26,,,,,470,15,,,,,469.5,1322.711914
2,3800,VOLCANIC_ROCK_VOUCHER_10250,62,26,,,,,63,15,,,,,62.5,425.9671021
2,3800,KELP,2043,24,,,,,2047,24,,,,,2045,-17.15136719
2,3800,CROISSANTS,4267,100,,,,,4268,100,,,,,4267.5,-169.4375
2,3800,JAMS,6523,61,6522,126,,,6524,61,6525,126,,,6523.5,-421.5
2,3800,VOLCANIC_ROCK_VOUCHER_10000,233,11,232,15,,,234,15,,,,,233.5,1147.369629
2,3800,SQUID_INK,1806,24,,,,,1809,24,,,,,1807.5,144.3554688
2,3800,RAINFOREST_RESIN,9992,35,,,,,10008,35,,,,,10000,-65
2,3800,VOLCANIC_ROCK,10217,147,10216,42,,,10218,147,10219,42,,,10217.5,4519.75
2,3800,DJEMBES,13420,28,13419,34,,,13421,62,,,,,13420.5,-58
2,3900,SQUID_INK,1805,26,,,,,1806,1,1808,1,1809,25,1805.5,139.125
2,3900,VOLCANIC_ROCK_VOUCHER_10500,8,12,,,,,9,12,,,,,8.5,-55.7232666
2,3900,VOLCANIC_ROCK,10217,138,10216,59,,,10218,138,10219,59,,,10217.5,4445.929688
2,3900,RAINFOREST_RESIN,9992,25,,,,,10008,25,,,,,10000,-65
2,3900,VOLCANIC_ROCK_VOUCHER_10250,63,12,,,,,64,12,,,,,63.5,426.447998
2,3900,DJEMBES,13421,62,,,,,13422,62,,,,,13421.5,-119
2,3900,KELP,2043,26,,,,,2044,1,2047,26,,,2043.5,-17.39648438
2,3900,JAMS,6523,53,6522,140,,,6524,53,6525,140,,,6523.5,-393
2,3900,VOLCANIC_ROCK_VOUCHER_10000,233,12,,,,,234,12,,,,,233.5,1154.859375
2,3900,PICNIC_BASKET2,30100,12,30099,22,,,30105,1,30106,33,,,30102.5,413.5
2,3900,VOLCANIC_ROCK_VOUCHER_9750,469,12,,,,,470,12,,,,,469.5,1314.062012
2,3900,PICNIC_BASKET1,58712,1,58711,11,58710,22,58721,1,58722,11,58723,22,58716.5,-523.5
2,3900,VOLCANIC_ROCK_VOUCHER_9500,717,12,,,,,719,12,,,,,718,1388.392578
2,3900,CROISSANTS,4267,98,,,,,4268,98,,,,,4267.5,-190.1875
2,4000,RAINFOREST_RESIN,9992,35,,,,,10008,35,,,,,10000,-65
2,4000,VOLCANIC_ROCK_VOUCHER_9500,718,11,,,,,719,11,,,,,718.5,1373.793945
2,4000,PICNIC_BASKET2,30101,1,30100,30,,,30106,11,30107,20,,,30103.5,438
2,4000,VOLCANIC_ROCK_VOUCHER_9750,469,11,,,,,470,11,,,,,469.5,1304.610352
2,4000,SQUID_INK,1805,23,,,,,1808,23,,,,,1806.5,127.0703125
2,4000,CROISSANTS,4267,140,,,,,4268,140,,,,,4267.5,-224.875
2,4000,VOLCANIC_ROCK_VOUCHER_10500,8,11,,,,,9,11,,,,,8.5,-53.30004883
2,4000,VOLCANIC_ROCK,10217,122,10216,46,,,10219,168,,,,,10218,4423.25
2,4000,DJEMBES,13421,70,,,,,13422,70,,,,,13421.5,-121.1875
2,4000,VOLCANIC_ROCK_VOUCHER_10250,63,11,,,,,64,11,,,,,63.5,417.9927979
2,4000,KELP,2044,23,,,,,2047,23,,,,,2045.5,-18.69140625
2,4000,PICNIC_BASKET1,58712,1,58711,10,58710,20,58721,1,58722,10,58723,20,58716.5,-518
2,4000,JAMS,6523,79,6522,144,,,6524,79,6525,144,,,6523.5,-393.5
2,4000,VOLCANIC_ROCK_VOUCHER_10000,231,11,,,,,232,11,,,,,231.5,1051.675781
2,4100,DJEMBES,13421,55,,,,,13422,15,13423,40,,,13421.5,-135
2,4100,PICNIC_BASKET2,30098,12,30097,15,,,30104,27,,,,,30101,296.375
2,4100,VOLCANIC_ROCK_VOUCHER_9750,468,0,,,,,469,12,,,,,468.5,1286.577148
2,4100,VOLCANIC_ROCK_VOUCHER_10500,8,0,,,,,9,12,,,,,8.5,-57.81994629
2,4100,PICNIC_BASKET1,58712,12,58711,15,,,58722,2,58723,25,,,58717,-533.75
2,4100,RAINFOREST_RESIN,9992,25,,,,,10008,25,,,,,10000,-65
2,4100,VOLCANIC_ROCK_VOUCHER_10250,62,12,,,,,63,12,64,12,,,62.5,403.1677246
2,4100,KELP,2045,1,2044,26,,,2046,8,2047,26,,,2045.5,-18.9765625
2,4100,VOLCANIC_ROCK_VOUCHER_9500,717,0,,,,,718,12,,,,,717.5,1364.519165
2,4100,CROISSANTS,4267,155,,,,,4268,155,,,,,4267.5,-232.4375
2,4100,JAMS,6522,287,,,,,6524,283,,,,,6523,-206.75
2,4100,VOLCANIC_ROCK_VOUCHER_10000,232,0,,,,,233,12,,,,,232.5,1091.871094
2,4100,VOLCANIC_ROCK,10217,134,10216,48,,,10218,134,10219,48,,,10217.5,4128.75
2,4100,SQUID_INK,1805,26,,,,,1807,7,1808,26,,,1806,127.3632813
2,4200,VOLCANIC_ROCK_VOUCHER_10250,61,25,,,,,62,13,,,,,61.5,337.5109863
2,4200,KELP,2044,29,,,,,2047,29,,,,,2045.5,-24.44299316
2,4200,SQUID_INK,1802,29,,,,,1805,29,,,,,1803.5,46.4921875
2,4200,CROISSANTS,4267,132,,,,,4269,132,,,,,4268,-314.25
2,4200,JAMS,6522,236,,,,,6524,236,,,,,6523,-266.75
2,4200,VOLCANIC_ROCK_VOUCHER_10000,227,25,,,,,228,13,,,,,227.5,701.7617188
2,4200,RAINFOREST_RESIN,9992,35,,,,,10008,35,,,,,10000,-65
2,4200,VOLCANIC_ROCK,10214,129,10213,59,,,10215,129,10216,59,,,10214.5,3237.5
2,4200,DJEMBES,13421,55,,,,,13422,21,13423,34,,,13421.5,-132.75
2,4200,PICNIC_BASKET1,58718,2,58717,11,58716,21,58727,2,58728,11,58729,21,58722.5,-874.25
2,4200,VOLCANIC_ROCK_VOUCHER_10500,8,25,,,,,9,13,,,,,8.5,-103.1601563
2,4200,VOLCANIC_ROCK_VOUCHER_9500,714,25,,,,,715,13,,,,,714.5,1320.369141
2,4200,PICNIC_BASKET2,30100,13,30099,21,,,30106,13,30107,21,,,30103,362.75
2,4200,VOLCANIC_ROCK_VOUCHER_9750,465,25,,,,,466,13,,,,,465.5,1187.489258
2,4300,PICNIC_BASKET2,30099,14,30098,22,,,30101,1,30104,1,30105,35,30100,221.75
2,4300,VOLCANIC_ROCK_VOUCHER_9750,465,14,,,,,466,14,,,,,465.5,1177.203125
2,4300,PICNIC_BASKET1,58716,1,58715,13,58714,22,58720,1,58725,1,58726,13,58718,-742
2,4300,VOLCANIC_ROCK_VOUCHER_9500,714,14,,,,,715,14,,,,,714.5,1310.328125
2,4300,CROISSANTS,4267,125,,,,,4268,63,4269,62,,,4267.5,-283.8125
2,4300,VOLCANIC_ROCK_VOUCHER_10500,8,14,,,,,9,14,,,,,8.5,-105.4001465
2,4300,VOLCANIC_ROCK,10213,188,,,,,10215,132,10216,56,,,10214,3154.5
2,4300,SQUID_INK,1801,22,,,,,1803,8,1804,22,,,1802,10.58203125
2,4300,RAINFOREST_RESIN,9992,32,,,,,10008,32,,,,,10000,-65
2,4300,VOLCANIC_ROCK_VOUCHER_10250,61,14,,,,,62,14,,,,,61.5,327.6928711
2,4300,KELP,2044,22,,,,,2046,8,2047,22,,,2045,-24.42248535
2,4300,DJEMBES,13424,22,13423,48,,,13425,70,,,,,13424.5,-248.875
2,4300,JAMS,6522,233,,,,,6524,233,,,,,6523,-302
2,4300,VOLCANIC_ROCK_VOUCHER_10000,226,14,,,,,227,14,,,,,226.5,572.5195313
2,4400,VOLCANIC_ROCK_VOUCHER_10500,8,20,,,,,9,20,,,,,8.5,-74.14001465
2,4400,VOLCANIC_ROCK,10216,149,10215,41,,,10217,149,10218,41,,,10216.5,3786
2,4400,DJEMBES,13424,72,,,,,13425,72,,,,,13424.5,-259.5625
2,4400,VOLCANIC_ROCK_VOUCHER_10250,62,20,,,,,63,20,,,,,62.5,392.6767578
2,4400,KELP,2044,26,,,,,2047,26,,,,,2045.5,-28.45117188
2,4400,PICNIC_BASKET1,58712,2,58711,48,,,58722,20,58723,30,,,58717,-528.25
2,4400,JAMS,6522,262,,,,,6524,262,,,,,6523,-374.5
2,4400,VOLCANIC_ROCK_VOUCHER_10000,230,20,,,,,231,20,,,,,230.5,1015.591797
2,4400,RAINFOREST_RESIN,9992,27,,,,,10008,27,,,,,10000,-65
2,4400,VOLCANIC_ROCK_VOUCHER_9500,716,20,,,,,717,20,,,,,716.5,1398.923828
2,4400,PICNIC_BASKET2,30097,2,30096,48,,,30102,2,30103,48,,,30099.5,18.5
2,4400,VOLCANIC_ROCK_VOUCHER_9750,467,20,,,,,468,20,,,,,467.5,1275.21875
2,4400,SQUID_INK,1802,26,,,,,1805,26,,,,,1803.5,49.6328125
2,4400,CROISSANTS,4267,138,,,,,4268,47,4269,91,,,4267.5,-260.625
2,4500,RAINFOREST_RESIN,9992,35,,,,,10008,35,,,,,10000,-65
2,4500,VOLCANIC_ROCK_VOUCHER_10250,62,11,,,,,63,11,,,,,62.5,353.4521484
2,4500,KELP,2044,25,,,,,2047,26,,,,,2045.5,-29.55859375
2,4500,VOLCANIC_ROCK_VOUCHER_9500,715,11,,,,,716,11,,,,,715.5,1339.910156
2,4500,CROISSANTS,4267,129,,,,,4269,129,,,,,4268,-330.4375
2,4500,JAMS,6522,219,,,,,6524,219,,,,,6523,-368.25
2,4500,VOLCANIC_ROCK_VOUCHER_10000,231,11,,,,,232,11,,,,,231.5,1071.685547
2,4500,VOLCANIC_ROCK,10215,139,10214,68,,,10216,139,10217,68,,,10215.5,3601.5
2,4500,SQUID_INK,1801,25,,,,,1804,26,,,,,1802.5,-1.109375
2,4500,DJEMBES,13423,65,,,,,13425,65,,,,,13424,-238.3125
2,4500,PICNIC_BASKET2,30096,1,30095,39,,,30101,11,30102,29,,,30098.5,-102.25
2,4500,VOLCANIC_ROCK_VOUCHER_9750,467,11,,,,,468,11,,,,,467.5,1260.800781
2,4500,VOLCANIC_ROCK_VOUCHER_10500,8,11,,,,,9,11,,,,,8.5,-86.47998047
2,4500,PICNIC_BASKET1,58715,1,58714,10,58713,29,58724,1,58725,10,58726,29,58719.5,-678.5
2,4600,PICNIC_BASKET1,58715,2,58714,12,58713,16,58724,2,58725,12,58726,16,58719.5,-682.25
2,4600,VOLCANIC_ROCK_VOUCHER_10500,8,14,,,,,9,14,,,,,8.5,-95.84008789
2,4600,VOLCANIC_ROCK_VOUCHER_9500,715,14,,,,,716,14,,,,,715.5,1286.917969
2,4600,PICNIC_BASKET2,30093,2,30092,28,,,30098,2,30099,28,,,30095.5,-399
2,4600,VOLCANIC_ROCK_VOUCHER_9750,466,14,,,,,467,14,,,,,466.5,1158.609375
2,4600,VOLCANIC_ROCK_VOUCHER_10250,61,14,,,,,62,14,,,,,61.5,310.5361328
2,4600,JAMS,6523,90,6522,187,,,6524,90,6525,187,,,6523.5,-405
2,4600,KELP,2044,23,,,,,2047,23,,,,,2045.5,-30.09375
2,4600,SQUID_INK,1802,23,,,,,1805,23,,,,,1803.5,35.703125
2,4600,CROISSANTS,4267,131,,,,,4268,41,4269,90,,,4267.5,-270.8125
2,4600,VOLCANIC_ROCK_VOUCHER_10000,228,14,,,,,229,14,,,,,228.5,706.0019531
2,4600,RAINFOREST_RESIN,9992,31,,,,,10008,31,,,,,10000,-65
2,4600,VOLCANIC_ROCK,10214,138,10213,75,,,10216,213,,,,,10215,3358
2,4600,DJEMBES,13423,51,,,,,13424,16,13425,35,,,13423.5,-228.6875
2,4700,VOLCANIC_ROCK,10213,141,10212,54,,,10215,141,10216,54,,,10214,3082.75
2,4700,VOLCANIC_ROCK_VOUCHER_10500,8,21,,,,,9,21,,,,,8.5,-108.0200195
2,4700,SQUID_INK,1802,34,,,,,1805,29,,,,,1803.5,38.8125
2,4700,JAMS,6522,237,,,,,6523,6,6524,237,,,6522.5,-352.5
2,4700,RAINFOREST_RESIN,9992,28,,,,,10008,28,,,,,10000,-65
2,4700,VOLCANIC_ROCK_VOUCHER_10250,61,21,,,,,62,21,,,,,61.5,263.0791016
2,4700,DJEMBES,13422,57,,,,,13423,57,,,,,13422.5,-171.4375
2,4700,KELP,2044,5,2043,29,,,2047,29,,,,,2045.5,-32.3203125
2,4700,VOLCANIC_ROCK_VOUCHER_10000,228,21,,,,,229,21,,,,,228.5,695.9414063
2,4700,PICNIC_BASKET2,30091,21,30090,23,,,30096,2,30097,42,,,30093.5,-562.5
2,4700,VOLCANIC_ROCK_VOUCHER_9750,465,21,,,,,466,21,,,,,465.5,1087.347656
2,4700,PICNIC_BASKET1,58713,2,58712,42,,,58723,21,58724,23,,,58718,-589.5
2,4700,CROISSANTS,4267,126,,,,,4268,43,4269,75,,,4267.5,-266.125
2,4700,VOLCANIC_ROCK_VOUCHER_9500,714,21,,,,,715,21,,,,,714.5,1201.765625
2,4800,RAINFOREST_RESIN,9992,29,,,,,10008,29,,,,,10000,-65
2,4800,VOLCANIC_ROCK_VOUCHER_9500,716,18,,,,,717,18,,,,,716.5,1387.117188
2,4800,PICNIC_BASKET2,30094,1,30092,1,30091,45,30097,1,30098,45,,,30095.5,-505
2,4800,VOLCANIC_ROCK_VOUCHER_9750,467,1,466,17,,,468,18,,,,,467.5,1247.902344
2,4800,CROISSANTS,4267,115,,,,,4268,35,4269,80,,,4267.5,-244.75
2,4800,SQUID_INK,1802,27,,,,,1805,27,,,,,1803.5,60.20703125
2,4800,VOLCANIC_ROCK_VOUCHER_10500,8,18,,,,,9,18,,,,,8.5,-82.2800293
2,4800,DJEMBES,13422,67,,,,,13423,67,,,,,13422.5,-169.75
2,4800,VOLCANIC_ROCK,10215,111,10214,47,,,10217,158,,,,,10216,3623
2,4800,JAMS,6523,80,6522,196,,,6524,276,,,,,6523.5,-383.75
2,4800,VOLCANIC_ROCK_VOUCHER_10250,62,18,,,,,63,18,,,,,62.5,362.4433594
2,4800,KELP,2044,27,,,,,2047,27,,,,,2045.5,-30.6796875
2,4800,PICNIC_BASKET1,58718,1,58714,1,58713,45,58724,18,58725,28,,,58721,-650.25
2,4800,VOLCANIC_ROCK_VOUCHER_10000,231,18,,,,,232,18,,,,,231.5,1175.421875
2,4900,DJEMBES,13421,53,,,,,13422,53,,,,,13421.5,-123.5
2,4900,PICNIC_BASKET2,30090,15,30089,21,,,30095,2,30096,34,,,30092.5,-684
2,4900,VOLCANIC_ROCK_VOUCHER_9750,466,15,,,,,467,15,,,,,466.5,1215.234375
2,4900,VOLCANIC_ROCK_VOUCHER_10500,8,15,,,,,9,15,,,,,8.5,-84.07995605
2,4900,PICNIC_BASKET1,58715,2,58714,13,58713,21,58724,2,58725,13,58726,21,58719.5,-682.25
2,4900,CROISSANTS,4267,127,,,,,4268,46,4269,86,,,4267.5,-248.25
2,4900,JAMS,6523,86,6522,107,,,6524,86,6525,107,,,6523.5,-453.5
2,4900,RAINFOREST_RESIN,10001,1,9992,31,,,10008,31,,,,,10004.5,-65
2,4900,VOLCANIC_ROCK_VOUCHER_10250,62,15,,,,,63,15,,,,,62.5,344.4394531
2,4900,KELP,2044,2,2043,25,,,2047,27,,,,,2045.5,-31.2265625
2,4900,VOLCANIC_ROCK_VOUCHER_10000,229,15,,,,,230,15,,,,,229.5,784.421875
2,4900,VOLCANIC_ROCK_VOUCHER_9500,716,15,,,,,717,15,,,,,716.5,1370
2,4900,VOLCANIC_ROCK,10215,140,10214,76,,,10217,216,,,,,10216,3611
2,4900,SQUID_INK,1803,27,,,,,1806,27,,,,,1804.5,93.046875
2,5000,CROISSANTS,4267,126,,,,,4268,126,,,,,4267.5,-205.9375
2,5000,JAMS,6522,219,,,,,6524,219,,,,,6523,-343.25
2,5000,VOLCANIC_ROCK_VOUCHER_10250,62,14,,,,,63,14,,,,,62.5,338.0205078
2,5000,KELP,2046,1,2044,32,,,2047,26,,,,,2046.5,-30.9375
2,5000,SQUID_INK,1805,1,1804,6,1803,26,1806,26,,,,,1805.5,97.578125
2,5000,VOLCANIC_ROCK_VOUCHER_10000,227,14,,,,,228,14,,,,,227.5,404.0273438
2,5000,RAINFOREST_RESIN,10002,4,9992,35,,,10008,35,,,,,10005,-65
2,5000,DJEMBES,13421,48,,,,,13422,18,13423,30,,,13421.5,-132.875
2,5000,VOLCANIC_ROCK,10215,123,10214,63,,,10217,186,,,,,10216,3637
2,5000,PICNIC_BASKET1,58711,14,58710,18,,,58722,14,58723,18,,,58716.5,-481
2,5000,VOLCANIC_ROCK_VOUCHER_10500,8,14,,,,,9,14,,,,,8.5,-83.63989258
2,5000,VOLCANIC_ROCK_VOUCHER_9500,716,14,,,,,717,14,,,,,716.5,1366.296875
2,5000,PICNIC_BASKET2,30090,14,30089,18,,,30096,32,,,,,30093,-670.75
2,5000,VOLCANIC_ROCK_VOUCHER_9750,466,14,,,,,468,14,,,,,467,1223.34375
2,5100,PICNIC_BASKET2,30091,14,30090,27,,,30097,41,,,,,30094,-582.5
2,5100,VOLCANIC_ROCK_VOUCHER_9750,466,14,,,,,468,14,,,,,467,1217.539063
2,5100,PICNIC_BASKET1,58716,14,58715,27,,,58727,14,58728,27,,,58721.5,-786.5
2,5100,CROISSANTS,4267,115,,,,,4269,115,,,,,4268,-289
2,5100,VOLCANIC_ROCK_VOUCHER_9500,715,14,,,,,716,14,,,,,715.5,1250.8125
2,5100,VOLCANIC_ROCK,10214,177,,,,,10216,114,10217,63,,,10215,3455
2,5100,VOLCANIC_ROCK_VOUCHER_10500,8,14,,,,,9,14,,,,,8.5,-93.40002441
2,5100,SQUID_INK,1803,24,,,,,1804,8,1806,24,,,1803.5,95.27734375
2,5100,JAMS,6522,238,,,,,6524,238,,,,,6523,-267.25
2,5100,RAINFOREST_RESIN,10000,4,9992,26,,,10008,26,,,,,10004,-65
2,5100,VOLCANIC_ROCK_VOUCHER_10250,62,14,,,,,63,14,,,,,62.5,276.5976563
2,5100,DJEMBES,13421,27,13420,39,,,13422,66,,,,,13421.5,-106
2,5100,KELP,2044,16,,,,,2047,24,,,,,2045.5,-29.75195313
2,5100,VOLCANIC_ROCK_VOUCHER_10000,230,14,,,,,231,14,,,,,230.5,931.4726563
2,5200,VOLCANIC_ROCK_VOUCHER_10500,8,14,,,,,9,14,,,,,8.5,-54.76000977
2,5200,DJEMBES,13421,67,,,,,13422,63,,,,,13421.5,-127.8125
2,5200,VOLCANIC_ROCK,10217,145,10216,63,,,10218,145,10219,63,,,10217.5,4182
2,5200,KELP,2045,5,2044,32,,,2047,30,,,,,2046,-30.1171875
2,5200,JAMS,6523,60,6522,139,,,6524,199,,,,,6523.5,-385.5
2,5200,VOLCANIC_ROCK_VOUCHER_10250,63,14,,,,,64,14,,,,,63.5,481.2158203
2,5200,PICNIC_BASKET1,58712,14,58711,30,,,58723,14,58724,30,,,58717.5,-563
2,5200,VOLCANIC_ROCK_VOUCHER_10000,230,14,,,,,231,14,,,,,230.5,950.6796875
2,5200,RAINFOREST_RESIN,9992,33,,,,,9998,3,10008,33,,,9995,-65
2,5200,VOLCANIC_ROCK_VOUCHER_9500,717,14,,,,,719,14,,,,,718,1648.710938
2,5200,PICNIC_BASKET2,30090,44,,,,,30096,14,30097,30,,,30093,-618.5
2,5200,VOLCANIC_ROCK_VOUCHER_9750,468,14,,,,,469,14,,,,,468.5,1543.398438
2,5200,CROISSANTS,4267,124,,,,,4268,124,,,,,4267.5,-218.1875
2,5200,SQUID_INK,1805,5,1804,32,,,1807,30,,,,,1806,121.203125
2,5300,CROISSANTS,4267,118,,,,,4268,118,,,,,4267.5,-183.125
2,5300,KELP,2044,23,,,,,2047,30,,,,,2045.5,-30.29882813
2,5300,JAMS,6522,235,,,,,6524,235,,,,,6523,-299.25
2,5300,RAINFOREST_RESIN,9992,34,,,,,10008,34,,,,,10000,-59
2,5300,VOLCANIC_ROCK_VOUCHER_10250,63,20,,,,,64,20,,,,,63.5,505.6835938
2,5300,VOLCANIC_ROCK_VOUCHER_10000,233,20,,,,,234,20,,,,,233.5,1610.535156
2,5300,VOLCANIC_ROCK_VOUCHER_9500,718,20,,,,,719,20,,,,,718.5,1686.1875
2,5300,VOLCANIC_ROCK,10217,110,10216,80,,,10219,190,,,,,10218,4230.25
2,5300,SQUID_INK,1804,23,,,,,1807,30,,,,,1805.5,117.9453125
2,5300,DJEMBES,13421,29,13420,44,,,13422,73,,,,,13421.5,-107.9375
2,5300,PICNIC_BASKET2,30092,1,30091,48,,,30097,1,30098,48,,,30094.5,-494.25
2,5300,VOLCANIC_ROCK_VOUCHER_9750,469,20,,,,,470,20,,,,,469.5,1651.820313
2,5300,VOLCANIC_ROCK_VOUCHER_10500,8,20,,,,,9,20,,,,,8.5,-47.45996094
2,5300,PICNIC_BASKET1,58706,1,58705,19,58704,29,58715,1,58716,19,58717,29,58710.5,-163.75
2,5400,PICNIC_BASKET1,58706,15,58705,30,,,58717,15,58718,30,,,58711.5,-224
2,5400,VOLCANIC_ROCK_VOUCHER_10500,8,15,,,,,9,15,,,,,8.5,-5.060058594
2,5400,VOLCANIC_ROCK_VOUCHER_9500,720,15,,,,,721,15,,,,,720.5,2108.3125
2,5400,PICNIC_BASKET2,30094,45,,,,,30101,45,,,,,30097.5,-204.25
2,5400,VOLCANIC_ROCK_VOUCHER_9750,471,15,,,,,472,15,,,,,471.5,2058.960938
2,5400,CROISSANTS,4267,123,,,,,4268,39,4269,84,,,4267.5,-243.25
2,5400,KELP,2044,25,,,,,2047,25,,,,,2045.5,-30.13867188
2,5400,JAMS,6522,198,,,,,6524,195,,,,,6523,-219.75
2,5400,VOLCANIC_ROCK_VOUCHER_10250,64,15,,,,,65,15,,,,,64.5,720.4628906
2,5400,VOLCANIC_ROCK_VOUCHER_10000,237,15,,,,,238,15,,,,,237.5,2447.449219
2,5400,SQUID_INK,1803,25,,,,,1806,25,,,,,1804.5,100.3046875
2,5400,RAINFOREST_RESIN,9992,29,,,,,10008,29,,,,,10000,-59
2,5400,DJEMBES,13421,30,13420,30,,,13422,60,,,,,13421.5,-107.0625
2,5400,VOLCANIC_ROCK,10220,103,10219,46,,,10221,103,10222,46,,,10220.5,4965
2,5500,VOLCANIC_ROCK,10221,129,10220,57,,,10222,129,10223,57,,,10221.5,5259.5
2,5500,VOLCANIC_ROCK_VOUCHER_10500,9,18,,,,,10,18,,,,,9.5,8.239990234
2,5500,SQUID_INK,1804,30,,,,,1807,30,,,,,1805.5,130.65625
2,5500,KELP,2044,30,,,,,2047,30,,,,,2045.5,-28.92773438
2,5500,JAMS,6522,188,,,,,6524,188,,,,,6523,-253.75
2,5500,RAINFOREST_RESIN,9992,31,,,,,10008,31,,,,,10000,-59
2,5500,VOLCANIC_ROCK_VOUCHER_10250,64,18,,,,,65,18,,,,,64.5,798.390625
2,5500,DJEMBES,13421,60,,,,,13422,60,,,,,13421.5,-125.5625
2,5500,VOLCANIC_ROCK_VOUCHER_10000,238,18,,,,,239,18,,,,,238.5,2502.261719
2,5500,PICNIC_BASKET2,30094,1,30093,41,,,30099,18,30100,24,,,30096.5,-317.5
2,5500,VOLCANIC_ROCK_VOUCHER_9750,472,18,,,,,473,18,,,,,472.5,2310.0625
2,5500,PICNIC_BASKET1,58709,1,58708,17,58707,24,58718,1,58719,17,58720,24,58713.5,-306
2,5500,CROISSANTS,4267,131,,,,,4268,59,4269,72,,,4267.5,-283.25
2,5500,VOLCANIC_ROCK_VOUCHER_9500,721,18,,,,,722,18,,,,,721.5,2304.375
2,5600,RAINFOREST_RESIN,9992,28,,,,,10008,28,,,,,10000,-59
2,5600,VOLCANIC_ROCK_VOUCHER_9500,722,15,,,,,723,15,,,,,722.5,2365.234375
2,5600,PICNIC_BASKET2,30091,15,30090,16,,,30097,31,,,,,30094,-560.25
2,5600,VOLCANIC_ROCK_VOUCHER_9750,473,15,,,,,474,15,,,,,473.5,2446.375
2,5600,CROISSANTS,4267,134,,,,,4268,134,,,,,4267.5,-167.375
2,5600,SQUID_INK,1804,3,1803,28,,,1806,28,,,,,1805,104.8828125
2,5600,VOLCANIC_ROCK_VOUCHER_10500,9,15,,,,,10,15,,,,,9.5,19.7598877
2,5600,DJEMBES,13421,16,13420,35,,,13422,51,,,,,13421.5,-111
2,5600,VOLCANIC_ROCK,10221,113,10220,80,,,10223,193,,,,,10222,5298.25
2,5600,KELP,2044,31,,,,,2047,28,,,,,2045.5,-28.73828125
2,5600,JAMS,6522,237,,,,,6524,237,,,,,6523,-281.25
2,5600,VOLCANIC_ROCK_VOUCHER_10250,64,15,,,,,66,15,,,,,65,847.1904297
2,5600,PICNIC_BASKET1,58708,31,,,,,58719,15,58720,16,,,58713.5,-348.25
2,5600,VOLCANIC_ROCK_VOUCHER_10000,234,15,,,,,235,15,,,,,234.5,1846.578125
2,5700,DJEMBES,13421,77,,,,,13422,77,,,,,13421.5,-114.5
2,5700,VOLCANIC_ROCK_VOUCHER_9750,473,16,,,,,474,16,,,,,473.5,2403.421875
2,5700,PICNIC_BASKET2,30091,16,30090,27,,,30096,1,30097,42,,,30093.5,-580.75
2,5700,VOLCANIC_ROCK_VOUCHER_10500,9,16,,,,,10,16,,,,,9.5,16.02001953
2,5700,PICNIC_BASKET1,58704,1,58703,15,58702,27,58713,1,58714,15,58715,27,58708.5,-22.5
2,5700,CROISSANTS,4266,98,,,,,4267,39,4268,59,,,4266.5,-23.3125
2,5700,KELP,2044,26,,,,,2047,26,,,,,2045.5,-29.18945313
2,5700,RAINFOREST_RESIN,9992,29,,,,,10008,29,,,,,10000,-59
2,5700,VOLCANIC_ROCK_VOUCHER_10250,64,16,,,,,65,16,,,,,64.5,831.6064453
2,5700,JAMS,6522,234,,,,,6524,241,,,,,6523,-264
2,5700,VOLCANIC_ROCK_VOUCHER_10000,234,16,,,,,235,16,,,,,234.5,1927.222656
2,5700,VOLCANIC_ROCK_VOUCHER_9500,721,16,,,,,722,16,,,,,721.5,2332.539063
2,5700,VOLCANIC_ROCK,10221,128,10220,80,,,10222,128,10223,80,,,10221.5,5201.125
2,5700,SQUID_INK,1805,26,,,,,1808,26,,,,,1806.5,157.25
2,5800,CROISSANTS,4266,111,,,,,4268,111,,,,,4267,-64.5
2,5800,KELP,2044,21,,,,,2047,21,,,,,2045.5,-29.73828125
2,5800,JAMS,6523,67,6522,117,,,6524,67,6525,117,,,6523.5,-453.25
2,5800,VOLCANIC_ROCK_VOUCHER_10000,236,19,,,,,237,19,,,,,236.5,2145.378906
2,5800,VOLCANIC_ROCK_VOUCHER_10250,64,19,,,,,65,19,,,,,64.5,799.0966797
2,5800,SQUID_INK,1804,21,,,,,1808,21,,,,,1806,154.9375
2,5800,DJEMBES,13420,58,,,,,13422,58,,,,,13421,-91.9375
2,5800,RAINFOREST_RESIN,9992,28,,,,,10008,28,,,,,10000,-59
2,5800,VOLCANIC_ROCK,10220,165,,,,,10222,114,10223,51,,,10221,5147.9375
2,5800,VOLCANIC_ROCK_VOUCHER_9750,472,19,,,,,473,19,,,,,472.5,2252.949219
2,5800,PICNIC_BASKET1,58707,42,,,,,58718,19,58719,23,,,58712.5,-287.75
2,5800,VOLCANIC_ROCK_VOUCHER_9500,721,19,,,,,722,19,,,,,721.5,2290.203125
2,5800,VOLCANIC_ROCK_VOUCHER_10500,9,19,,,,,10,19,,,,,9.5,10
2,5800,PICNIC_BASKET2,30093,19,30092,23,,,30099,42,,,,,30096,-372.75
2,5900,VOLCANIC_ROCK_VOUCHER_9500,723,15,,,,,724,15,,,,,723.5,2482.5
2,5900,PICNIC_BASKET2,30092,42,,,,,30098,15,30099,27,,,30095,-435.75
2,5900,PICNIC_BASKET1,58706,15,58705,27,,,58717,15,58718,27,,,58711.5,-216.25
2,5900,CROISSANTS,4266,129,,,,,4267,64,4268,65,,,4266.5,-57.1875
2,5900,VOLCANIC_ROCK_VOUCHER_9750,474,15,,,,,475,15,,,,,474.5,2567.5625
2,5900,VOLCANIC_ROCK,10222,202,,,,,10224,147,10225,55,,,10223,5002.9375
2,5900,VOLCANIC_ROCK_VOUCHER_10500,9,15,,,,,10,15,,,,,9.5,42.35986328
2,5900,SQUID_INK,1805,30,,,,,1809,30,,,,,1807,200.015625
2,5900,DJEMBES,13417,70,,,,,13418,27,13419,43,,,13417.5,62.5
2,5900,KELP,2044,30,,,,,2047,30,,,,,2045.5,-29.83203125
2,5900,JAMS,6523,197,,,,,6525,197,,,,,6524,-521
2,5900,VOLCANIC_ROCK_VOUCHER_10000,234,15,,,,,235,15,,,,,234.5,1968.375
2,5900,RAINFOREST_RESIN,9992,28,,,,,10003,6,10008,28,,,9997.5,-59
2,5900,VOLCANIC_ROCK_VOUCHER_10250,65,15,,,,,66,15,,,,,65.5,968.2851563
2,6000,DJEMBES,13418,54,,,,,13419,54,,,,,13418.5,17.25
2,6000,VOLCANIC_ROCK_VOUCHER_10500,9,16,,,,,10,16,,,,,9.5,59.26000977
2,6000,VOLCANIC_ROCK,10224,104,10223,80,,,10225,104,10226,80,,,10224.5,4345.25
2,6000,KELP,2044,28,,,,,2046,7,2047,28,,,2045,-30.58789063
2,6000,PICNIC_BASKET1,58716,2,58715,30,,,58726,16,58727,16,,,58721,-767.5
2,6000,JAMS,6524,88,6523,121,,,6525,88,6526,121,,,6524.5,-763.25
2,6000,VOLCANIC_ROCK_VOUCHER_10000,240,16,,,,,241,16,,,,,240.5,2695.515625
2,6000,VOLCANIC_ROCK_VOUCHER_10250,66,16,,,,,67,16,,,,,66.5,1060.646484
2,6000,RAINFOREST_RESIN,9992,34,,,,,10008,34,,,,,10000,-77
2,6000,PICNIC_BASKET2,30093,2,30092,30,,,30098,16,30099,16,,,30095.5,-438
2,6000,CROISSANTS,4266,145,,,,,4267,57,4268,88,,,4266.5,-56.125
2,6000,VOLCANIC_ROCK_VOUCHER_9750,476,16,,,,,477,16,,,,,476.5,2704.027344
2,6000,SQUID_INK,1805,28,,,,,1807,7,1808,2,1809,26,1806,196.171875
2,6000,VOLCANIC_ROCK_VOUCHER_9500,724,16,,,,,726,16,,,,,725,2631.15625
2,6100,KELP,2044,27,,,,,2047,27,,,,,2045.5,-34.875
2,6100,CROISSANTS,4266,123,,,,,4267,123,,,,,4266.5,37.5
2,6100,JAMS,6524,73,6523,150,,,6525,73,6526,150,,,6524.5,-799.25
2,6100,VOLCANIC_ROCK_VOUCHER_10000,236,14,,,,,237,14,,,,,236.5,2224.345703
2,6100,RAINFOREST_RESIN,9992,35,,,,,10008,35,,,,,10000,-77
2,6100,VOLCANIC_ROCK_VOUCHER_10250,65,14,,,,,66,14,,,,,65.5,1002.344727
2,6100,VOLCANIC_ROCK_VOUCHER_9500,724,14,,,,,725,14,,,,,724.5,2547.230469
2,6100,VOLCANIC_ROCK,10223,114,10222,67,,,10225,181,,,,,10224,4566
2,6100,SQUID_INK,1805,27,,,,,1808,1,1809,26,,,1806.5,195.7890625
2,6100,DJEMBES,13419,56,,,,,13420,56,,,,,13419.5,-17.375
2,6100,VOLCANIC_ROCK_VOUCHER_9750,475,14,,,,,476,14,,,,,475.5,2600.542969
2,6100,PICNIC_BASKET2,30089,1,30088,35,,,30094,14,30095,22,,,30091.5,-808.75
2,6100,PICNIC_BASKET1,58713,1,58712,35,,,58723,14,58724,22,,,58718,-589.75
2,6100,VOLCANIC_ROCK_VOUCHER_10500,9,14,,,,,10,14,,,,,9.5,47.04003906
2,6200,VOLCANIC_ROCK_VOUCHER_9750,477,13,,,,,478,13,,,,,477.5,2821.707031
2,6200,PICNIC_BASKET1,58710,13,58709,22,,,58720,1,58721,34,,,58715,-418
2,6200,VOLCANIC_ROCK_VOUCHER_9500,726,13,,,,,727,13,,,,,726.5,2676.21875
2,6200,VOLCANIC_ROCK_VOUCHER_10500,9,13,,,,,10,13,,,,,9.5,78.94006348
2,6200,PICNIC_BASKET2,30087,1,30086,34,,,30092,13,30093,22,,,30089.5,-1036.25
2,6200,KELP,2044,23,,,,,2047,21,,,,,2045.5,-33.73828125
2,6200,CROISSANTS,4265,137,,,,,4266,63,4267,74,,,4265.5,207.8125
2,6200,JAMS,6524,214,,,,,6526,214,,,,,6525,-872
2,6200,VOLCANIC_ROCK_VOUCHER_10000,239,13,,,,,240,13,,,,,239.5,2593.28125
2,6200,VOLCANIC_ROCK_VOUCHER_10250,66,13,,,,,67,13,,,,,66.5,1112.119141
2,6200,SQUID_INK,1806,23,,,,,1809,21,,,,,1807.5,205.359375
2,6200,DJEMBES,13418,70,,,,,13419,70,,,,,13418.5,17.875
2,6200,RAINFOREST_RESIN,10000,5,9992,30,,,10008,30,,,,,10004,-77
2,6200,VOLCANIC_ROCK,10225,112,10224,59,,,10226,112,10227,59,,,10225.5,3883.75
2,6300,VOLCANIC_ROCK,10227,111,10226,55,,,10229,166,,,,,10228,3118.75
2,6300,SQUID_INK,1806,32,,,,,1809,32,,,,,1807.5,205.2421875
2,6300,VOLCANIC_ROCK_VOUCHER_10500,9,14,,,,,10,14,,,,,9.5,109.3398438
2,6300,KELP,2044,32,,,,,2047,32,,,,,2045.5,-33.26953125
2,6300,DJEMBES,13418,65,,,,,13419,65,,,,,13418.5,21.0625
2,6300,JAMS,6525,218,,,,,6527,218,,,,,6526,-1270.5
2,6300,VOLCANIC_ROCK_VOUCHER_10000,242,14,,,,,243,14,,,,,242.5,2826.978516
2,6300,RAINFOREST_RESIN,9992,34,,,,,10008,34,,,,,10000,-77
2,6300,VOLCANIC_ROCK_VOUCHER_10250,67,14,,,,,68,14,,,,,67.5,1219.578125
2,6300,VOLCANIC_ROCK_VOUCHER_9500,728,14,,,,,729,14,,,,,728.5,2792.429688
2,6300,PICNIC_BASKET2,30085,30,,,,,30091,14,30092,16,,,30088,-1140.5
2,6300,PICNIC_BASKET1,58713,2,58712,12,58711,16,58722,2,58723,28,,,58717.5,-540.5
2,6300,CROISSANTS,4265,124,,,,,4266,124,,,,,4265.5,236.6875
2,6300,VOLCANIC_ROCK_VOUCHER_9750,478,14,,,,,479,14,,,,,478.5,2906.582031
2,6400,RAINFOREST_RESIN,9992,33,,,,,10008,33,,,,,10000,-77
2,6400,PICNIC_BASKET2,30083,1,30082,41,,,30088,1,30089,41,,,30085.5,-1396.5
2,6400,SQUID_INK,1806,23,,,,,1808,7,1809,24,,,1807,214.40625
2,6400,CROISSANTS,4265,139,,,,,4266,45,4267,94,,,4265.5,211.3125
2,6400,VOLCANIC_ROCK_VOUCHER_9750,477,19,,,,,478,19,,,,,477.5,2806.900391
2,6400,VOLCANIC_ROCK_VOUCHER_9500,726,19,,,,,727,19,,,,,726.5,2707.607422
2,6400,DJEMBES,13417,68,,,,,13419,68,,,,,13418,53.9375
2,6400,VOLCANIC_ROCK_VOUCHER_10500,9,19,,,,,10,19,,,,,9.5,82.92004395
2,6400,VOLCANIC_ROCK,10225,186,,,,,10227,142,10228,44,,,10226,3747
2,6400,PICNIC_BASKET1,58709,19,58708,23,,,58719,1,58720,41,,,58714,-354.25
2,6400,JAMS,6524,258,,,,,6526,258,,,,,6525,-909.75
2,6400,VOLCANIC_ROCK_VOUCHER_10000,238,19,,,,,239,19,,,,,238.5,2533.304688
2,6400,VOLCANIC_ROCK_VOUCHER_10250,66,19,,,,,67,19,,,,,66.5,1123.709473
2,6400,KELP,2044,23,,,,,2046,7,2047,24,,,2045,-33.05664063
2,6500,DJEMBES,13417,74,,,,,13418,74,,,,,13417.5,74.6875
2,6500,VOLCANIC_ROCK_VOUCHER_9750,480,18,,,,,481,18,,,,,480.5,2946.955078
2,6500,PICNIC_BASKET2,30081,18,30080,29,,,30087,47,,,,,30084,-1569
2,6500,PICNIC_BASKET1,58714,18,58713,29,,,58725,18,58726,29,,,58719.5,-688.75
2,6500,VOLCANIC_ROCK_VOUCHER_10500,9,18,,,,,10,18,,,,,9.5,113.9400635
2,6500,KELP,2044,26,,,,,2047,26,,,,,2045.5,-36.48828125
2,6500,CROISSANTS,4265,151,,,,,4266,151,,,,,4265.5,250.125
2,6500,JAMS,6525,93,6524,176,,,6526,93,6527,176,,,6525.5,-1132
2,6500,VOLCANIC_ROCK_VOUCHER_10000,242,18,,,,,243,18,,,,,242.5,2790.886719
2,6500,RAINFOREST_RESIN,9992,34,,,,,10008,34,,,,,10000,-77
2,6500,VOLCANIC_ROCK_VOUCHER_10250,67,18,,,,,68,18,,,,,67.5,1198.879883
2,6500,VOLCANIC_ROCK_VOUCHER_9500,728,18,,,,,729,18,,,,,728.5,2753.666016
2,6500,VOLCANIC_ROCK,10227,197,,,,,10229,127,10230,70,,,10228,2941.75
2,6500,SQUID_INK,1805,26,,,,,1808,26,,,,,1806.5,174.3671875
2,6600,SQUID_INK,1805,27,,,,,1808,27,,,,,1806.5,157.0078125
2,6600,CROISSANTS,4265,131,,,,,4266,62,4267,77,,,4265.5,175.625
2,6600,JAMS,6525,184,,,,,6527,184,,,,,6526,-1210.25
2,6600,VOLCANIC_ROCK_VOUCHER_10000,238,15,,,,,239,15,,,,,238.5,2595.829102
2,6600,VOLCANIC_ROCK_VOUCHER_10250,67,15,,,,,68,15,,,,,67.5,1182.204102
2,6600,KELP,2044,27,,,,,2047,27,,,,,2045.5,-33.23828125
2,6600,DJEMBES,13416,77,,,,,13417,77,,,,,13416.5,117.9375
2,6600,RAINFOREST_RESIN,9992,25,,,,,10008,25,,,,,10000,-77
2,6600,VOLCANIC_ROCK,10227,157,,,,,10229,117,10230,40,,,10228,2957.5
2,6600,VOLCANIC_ROCK_VOUCHER_9750,479,15,,,,,480,15,,,,,479.5,2901.736328
2,6600,PICNIC_BASKET1,58719,1,58718,14,58717,29,58728,1,58729,14,58730,29,58723.5,-921.75
2,6600,VOLCANIC_ROCK_VOUCHER_9500,728,15,,,,,729,15,,,,,728.5,2742.82666
2,6600,VOLCANIC_ROCK_VOUCHER_10500,9,15,,,,,10,15,,,,,9.5,111.6600342
2,6600,PICNIC_BASKET2,30082,44,,,,,30088,15,30089,29,,,30085,-1446.5
2,6700,VOLCANIC_ROCK_VOUCHER_9500,726,15,,,,,727,15,,,,,726.5,2757.45166
2,6700,PICNIC_BASKET2,30081,15,30080,15,,,30087,30,,,,,30084,-1560
2,6700,PICNIC_BASKET1,58722,15,58721,15,,,58733,15,58734,15,,,58727.5,-1150.25
2,6700,CROISSANTS,4265,100,,,,,4266,47,4267,53,,,4265.5,178.375
2,6700,VOLCANIC_ROCK_VOUCHER_9750,478,15,,,,,479,15,,,,,478.5,2876.916992
2,6700,VOLCANIC_ROCK,10225,187,,,,,10227,132,10228,55,,,10226,3773.25
2,6700,SQUID_INK,1806,2,1805,22,,,1808,22,,,,,1807,157.8046875
2,6700,VOLCANIC_ROCK_VOUCHER_10500,9,15,,,,,10,15,,,,,9.5,76.70007324
2,6700,KELP,2045,2,2044,22,,,2048,22,,,,,2046.5,-27.59765625
2,6700,DJEMBES,13416,64,,,,,13418,64,,,,,13417,102.1875
2,6700,JAMS,6525,168,,,,,6527,168,,,,,6526,-1350.25
2,6700,VOLCANIC_ROCK_VOUCHER_10000,241,15,,,,,242,15,,,,,241.5,2676.066895
2,6700,RAINFOREST_RESIN,9992,31,,,,,9998,3,10008,31,,,9995,-77
2,6700,VOLCANIC_ROCK_VOUCHER_10250,66,15,,,,,67,15,,,,,66.5,1106.672363
2,6800,VOLCANIC_ROCK_VOUCHER_10500,9,13,,,,,10,13,,,,,9.5,73.64001465
2,6800,VOLCANIC_ROCK,10225,107,10224,66,,,10226,107,10227,66,,,10225.5,3934.5
2,6800,PICNIC_BASKET1,58719,2,58718,11,58717,22,58728,2,58729,11,58730,22,58723.5,-930.5
2,6800,JAMS,6525,197,,,,,6527,197,,,,,6526,-1357
2,6800,VOLCANIC_ROCK_VOUCHER_10000,242,13,,,,,243,13,,,,,242.5,2670.144531
2,6800,VOLCANIC_ROCK_VOUCHER_10250,66,13,,,,,67,13,,,,,66.5,1087.725098
2,6800,DJEMBES,13416,70,,,,,13417,22,13418,48,,,13416.5,107.375
2,6800,KELP,2046,5,2044,29,,,2047,29,,,,,2046.5,-30.5625
2,6800,RAINFOREST_RESIN,9992,32,,,,,10008,32,,,,,10000,-71
2,6800,PICNIC_BASKET2,30082,2,30081,33,,,30087,13,30088,22,,,30084.5,-1522.75
2,6800,SQUID_INK,1806,5,1805,29,,,1808,29,,,,,1807,158.4375
2,6800,VOLCANIC_ROCK_VOUCHER_9750,477,13,,,,,478,13,,,,,477.5,2876.860352
2,6800,CROISSANTS,4265,122,,,,,4266,122,,,,,4265.5,237.75
2,6800,VOLCANIC_ROCK_VOUCHER_9500,725,13,,,,,727,13,,,,,726,2760.240234
2,6900,JAMS,6525,159,,,,,6527,159,,,,,6526,-1399.5
2,6900,KELP,2044,32,,,,,2047,32,,,,,2045.5,-29.83203125
2,6900,VOLCANIC_ROCK_VOUCHER_10000,238,13,,,,,239,13,,,,,238.5,2649.748535
2,6900,CROISSANTS,4265,102,,,,,4266,52,4267,50,,,4265.5,206.8125
2,6900,RAINFOREST_RESIN,9992,34,,,,,10008,34,,,,,10000,-71
2,6900,VOLCANIC_ROCK_VOUCHER_10250,65,13,,,,,67,13,,,,,66,1055.871094
2,6900,VOLCANIC_ROCK_VOUCHER_9500,724,13,,,,,725,13,,,,,724.5,2795.976563
2,6900,VOLCANIC_ROCK,10224,105,10223,60,,,10225,105,10226,60,,,10224.5,4430
2,6900,SQUID_INK,1805,32,,,,,1808,32,,,,,1806.5,162.03125
2,6900,VOLCANIC_ROCK_VOUCHER_9750,476,13,,,,,477,13,,,,,476.5,2890.058105
2,6900,PICNIC_BASKET2,30082,13,30081,23,,,30087,2,30088,34,,,30084.5,-1488.75
2,6900,DJEMBES,13416,54,,,,,13417,54,,,,,13416.5,113.1875
2,6900,PICNIC_BASKET1,58719,2,58718,11,58717,23,58728,2,58729,11,58730,23,58723.5,-929
2,6900,VOLCANIC_ROCK_VOUCHER_10500,9,13,,,,,10,13,,,,,9.5,49.92004395
2,7000,VOLCANIC_ROCK_VOUCHER_9750,476,19,,,,,477,19,,,,,476.5,2889.107422
2,7000,PICNIC_BASKET1,58717,19,58716,27,,,58727,2,58728,44,,,58722,-838.75
2,7000,VOLCANIC_ROCK_VOUCHER_9500,724,19,,,,,726,19,,,,,725,2770.074219
2,7000,VOLCANIC_ROCK_VOUCHER_10500,9,19,,,,,10,19,,,,,9.5,55.66003418
2,7000,PICNIC_BASKET2,30081,2,30080,44,,,30086,2,30087,44,,,30083.5,-1602.25
2,7000,SQUID_INK,1805,28,,,,,1808,28,,,,,1806.5,192.4609375
2,7000,VOLCANIC_ROCK_VOUCHER_10000,240,2,239,17,,,241,19,,,,,240.5,2632.851074
2,7000,VOLCANIC_ROCK_VOUCHER_10250,66,19,,,,,67,19,,,,,66.5,1062.906982
2,7000,CROISSANTS,4265,130,,,,,4266,65,4267,65,,,4265.5,204.5
2,7000,JAMS,6525,204,,,,,6527,204,,,,,6526,-1363.75
2,7000,DJEMBES,13416,63,,,,,13417,63,,,,,13416.5,113
2,7000,KELP,2044,28,,,,,2047,28,,,,,2045.5,-30.75
2,7000,RAINFOREST_RESIN,9997,2,9992,33,,,10008,33,,,,,10002.5,-71
2,7000,VOLCANIC_ROCK,10224,120,10223,56,,,10225,112,10226,56,,,10224.5,4262.75
2,7100,VOLCANIC_ROCK,10225,156,,,,,10227,108,10228,48,,,10226,3714.75
2,7100,DJEMBES,13417,59,,,,,13418,59,,,,,13417.5,71.6875
2,7100,SQUID_INK,1806,28,,,,,1808,2,1809,28,,,1807,233.3515625
2,7100,VOLCANIC_ROCK_VOUCHER_10500,9,19,,,,,10,12,,,,,9.5,82.22009277
2,7100,JAMS,6526,54,6525,151,,,6527,54,6528,151,,,6526.5,-1482.75
2,7100,KELP,2044,28,,,,,2046,2,2047,28,,,2045,-32.609375
2,7100,VOLCANIC_ROCK_VOUCHER_10000,240,19,,,,,241,12,,,,,240.5,2632.225098
2,7100,RAINFOREST_RESIN,9992,27,,,,,10008,27,,,,,10000,-71
2,7100,VOLCANIC_ROCK_VOUCHER_10250,66,19,,,,,67,12,,,,,66.5,1073.202026
2,7100,VOLCANIC_ROCK_VOUCHER_9500,726,19,,,,,727,12,,,,,726.5,2646.53125
2,7100,PICNIC_BASKET2,30093,6,30091,2,30090,35,30096,12,30097,25,,,30094.5,-613
2,7100,PICNIC_BASKET1,58735,6,58731,2,58730,10,58740,2,58741,10,58742,25,58737.5,-1655.25
2,7100,CROISSANTS,4266,107,,,,,4268,107,,,,,4267,-72.375
2,7100,VOLCANIC_ROCK_VOUCHER_9750,477,19,,,,,478,12,,,,,477.5,2822.597656
2,7200,RAINFOREST_RESIN,9992,32,,,,,10008,32,,,,,10000,-71
2,7200,PICNIC_BASKET2,30092,1,30091,41,,,30097,1,30098,41,,,30094.5,-502.75
2,7200,SQUID_INK,1808,1,1807,20,,,1809,3,1811,21,,,1808.5,287
2,7200,VOLCANIC_ROCK_VOUCHER_9750,479,12,,,,,480,12,,,,,479.5,2672.984375
2,7200,VOLCANIC_ROCK_VOUCHER_9500,728,12,,,,,729,12,,,,,728.5,2440.921875
2,7200,CROISSANTS,4267,153,,,,,4269,157,,,,,4268,-284.8125
2,7200,VOLCANIC_ROCK_VOUCHER_10500,9,12,,,,,10,12,,,,,9.5,118.2600098
2,7200,VOLCANIC_ROCK,10228,141,10227,47,,,10229,141,10230,47,,,10228.5,2874.5
2,7200,PICNIC_BASKET1,58733,1,58732,41,,,58743,12,58744,30,,,58738,-1790
2,7200,VOLCANIC_ROCK_VOUCHER_10000,239,12,,,,,240,12,,,,,239.5,2638.553223
2,7200,VOLCANIC_ROCK_VOUCHER_10250,67,12,,,,,68,12,,,,,67.5,1057.854736
2,7200,JAMS,6526,94,6525,108,,,6527,94,6528,108,,,6526.5,-1519.75
2,7200,DJEMBES,13416,60,,,,,13417,60,,,,,13416.5,121.875
2,7200,KELP,2044,21,,,,,2046,3,2047,21,,,2045,-38.4453125
2,7300,VOLCANIC_ROCK_VOUCHER_9750,480,29,,,,,481,17,,,,,480.5,2589.375
2,7300,PICNIC_BASKET2,30093,44,,,,,30100,44,,,,,30096.5,-303.75
2,7300,DJEMBES,13415,27,13414,35,,,13416,62,,,,,13415.5,184.375
2,7300,PICNIC_BASKET1,58733,17,58732,27,,,58744,44,,,,,58738.5,-1800.25
2,7300,VOLCANIC_ROCK_VOUCHER_10500,9,29,,,,,10,17,,,,,9.5,134.6398926
2,7300,CROISSANTS,4268,42,4267,54,,,4269,96,,,,,4268.5,-346.375
2,7300,JAMS,6526,223,,,,,6528,223,,,,,6527,-1610
2,7300,KELP,2044,23,,,,,2047,23,,,,,2045.5,-35.0859375
2,7300,VOLCANIC_ROCK_VOUCHER_10000,240,29,,,,,241,17,,,,,240.5,2605.637695
2,7300,RAINFOREST_RESIN,10002,4,9992,25,,,10008,25,,,,,10005,-71
2,7300,VOLCANIC_ROCK_VOUCHER_10250,68,29,,,,,69,17,,,,,68.5,1042.748413
2,7300,VOLCANIC_ROCK,10229,133,10228,69,,,10230,133,10231,69,,,10229.5,2510
2,7300,VOLCANIC_ROCK_VOUCHER_9500,729,29,,,,,730,17,,,,,729.5,2326.953125
2,7300,SQUID_INK,1807,23,,,,,1810,23,,,,,1808.5,266.8203125
2,7400,VOLCANIC_ROCK_VOUCHER_10000,241,17,,,,,243,17,,,,,242,2480.439453
2,7400,SQUID_INK,1807,23,,,,,1810,23,,,,,1808.5,265.7578125
2,7400,VOLCANIC_ROCK_VOUCHER_10250,67,17,,,,,68,17,,,,,67.5,1070.667969
2,7400,CROISSANTS,4268,53,4267,78,,,4269,131,,,,,4268.5,-359.75
2,7400,KELP,2044,23,,,,,2047,23,,,,,2045.5,-35.91796875
2,7400,JAMS,6527,9,6526,197,,,6528,197,,,,,6527.5,-1722.75
2,7400,DJEMBES,13414,49,,,,,13415,49,,,,,13414.5,211.1875
2,7400,RAINFOREST_RESIN,9992,32,,,,,10008,32,,,,,10000,-71
2,7400,VOLCANIC_ROCK,10227,118,10226,73,,,10228,118,10229,73,,,10227.5,3259.5
2,7400,VOLCANIC_ROCK_VOUCHER_9750,478,17,,,,,479,17,,,,,478.5,2784.714844
2,7400,PICNIC_BASKET1,58735,1,58734,16,58733,17,58744,1,58745,16,58746,17,58739.5,-1861.25
2,7400,VOLCANIC_ROCK_VOUCHER_9500,727,17,,,,,728,17,,,,,727.5,2577.859375
2,7400,VOLCANIC_ROCK_VOUCHER_10500,9,17,,,,,10,17,,,,,9.5,100.4000244
2,7400,PICNIC_BASKET2,30093,1,30092,33,,,30098,17,30099,17,,,30095.5,-434.25
2,7500,VOLCANIC_ROCK_VOUCHER_9500,729,13,,,,,730,13,,,,,729.5,2251.023438
2,7500,PICNIC_BASKET2,30092,13,30091,21,,,30097,2,30098,32,,,30094.5,-474.75
2,7500,PICNIC_BASKET1,58727,2,58726,32,,,58737,13,58738,21,,,58732,-1426.75
2,7500,CROISSANTS,4267,116,,,,,4268,116,,,,,4267.5,-222.375
2,7500,VOLCANIC_ROCK_VOUCHER_9750,480,13,,,,,481,13,,,,,480.5,2507.9375
2,7500,VOLCANIC_ROCK,10229,138,10228,46,,,10230,138,10231,46,,,10229.5,2457.75
2,7500,DJEMBES,13415,69,,,,,13416,21,13417,48,,,13415.5,192.6679688
2,7500,SQUID_INK,1808,32,,,,,1809,5,1811,32,,,1808.5,299.1875
2,7500,VOLCANIC_ROCK_VOUCHER_10500,9,13,,,,,10,13,,,,,9.5,137.7199707
2,7500,KELP,2044,32,,,,,2045,5,2047,32,,,2044.5,-36.8125
2,7500,JAMS,6526,81,6525,197,,,6527,81,6528,197,,,6526.5,-1493.5
2,7500,VOLCANIC_ROCK_VOUCHER_10000,239,13,,,,,240,13,,,,,239.5,2675.21875
2,7500,RAINFOREST_RESIN,9992,35,,,,,10008,35,,,,,10000,-71
2,7500,VOLCANIC_ROCK_VOUCHER_10250,68,13,,,,,69,13,,,,,68.5,1008.081299
2,7600,VOLCANIC_ROCK_VOUCHER_10500,9,20,,,,,10,20,,,,,9.5,96.12011719
2,7600,VOLCANIC_ROCK,10226,222,,,,,10228,147,10229,75,,,10227,3350
2,7600,PICNIC_BASKET1,58730,2,58729,18,58728,21,58739,2,58740,18,58741,21,58734.5,-1584.5
2,7600,VOLCANIC_ROCK_VOUCHER_10000,238,20,,,,,239,20,,,,,238.5,2765.419922
2,7600,VOLCANIC_ROCK_VOUCHER_10250,67,20,,,,,68,20,,,,,67.5,1080.001953
2,7600,KELP,2044,24,,,,,2047,24,,,,,2045.5,-34.109375
2,7600,JAMS,6526,245,,,,,6528,245,,,,,6527,-1554.5
2,7600,DJEMBES,13410,21,13409,48,,,13411,69,,,,,13410.5,187.1367188
2,7600,RAINFOREST_RESIN,9997,8,9992,35,,,10008,35,,,,,10002.5,-71
2,7600,PICNIC_BASKET2,30094,2,30093,39,,,30099,20,30100,21,,,30096.5,-327.5
2,7600,VOLCANIC_ROCK_VOUCHER_9750,478,20,,,,,479,20,,,,,478.5,2784.253906
2,7600,SQUID_INK,1808,24,,,,,1811,24,,,,,1809.5,254.3339844
2,7600,VOLCANIC_ROCK_VOUCHER_9500,727,20,,,,,728,20,,,,,727.5,2634.8125
2,7600,CROISSANTS,4267,133,,,,,4269,133,,,,,4268,-315.75
2,7700,CROISSANTS,4267,103,,,,,4268,103,,,,,4267.5,-160.875
2,7700,KELP,2044,22,,,,,2047,22,,,,,2045.5,-32.4140625
2,7700,JAMS,6526,67,6525,102,,,6527,67,6528,102,,,6526.5,-1455.25
2,7700,VOLCANIC_ROCK_VOUCHER_10000,241,22,,,,,242,22,,,,,241.5,2383.472656
2,7700,RAINFOREST_RESIN,9992,33,,,,,10008,33,,,,,10000,-71
2,7700,VOLCANIC_ROCK_VOUCHER_10250,67,22,,,,,68,22,,,,,67.5,1013.859863
2,7700,VOLCANIC_ROCK,10228,106,10227,63,,,10229,106,10230,63,,,10228.5,2819.25
2,7700,VOLCANIC_ROCK_VOUCHER_9500,728,22,,,,,729,22,,,,,728.5,2358.59375
2,7700,SQUID_INK,1808,22,,,,,1811,22,,,,,1809.5,224.796875
2,7700,VOLCANIC_ROCK_VOUCHER_9750,480,22,,,,,481,22,,,,,480.5,2554.59375
2,7700,PICNIC_BASKET2,30092,22,30091,18,,,30097,2,30098,38,,,30094.5,-466.25
2,7700,DJEMBES,13408,60,,,,,13409,60,,,,,13408.5,185.3544922
2,7700,PICNIC_BASKET1,58723,2,58722,20,58721,18,58732,2,58733,20,58734,18,58727.5,-1156.75
2,7700,VOLCANIC_ROCK_VOUCHER_10500,9,22,,,,,10,22,,,,,9.5,122.9200439
2,7800,VOLCANIC_ROCK_VOUCHER_9750,479,14,,,,,480,14,,,,,479.5,2612.304688
2,7800,PICNIC_BASKET1,58730,2,58729,12,58728,21,58739,2,58740,12,58741,21,58734.5,-1575
2,7800,VOLCANIC_ROCK_VOUCHER_9500,728,14,,,,,730,14,,,,,729,2321.6875
2,7800,VOLCANIC_ROCK_VOUCHER_10500,9,14,,,,,10,14,,,,,9.5,125.3000488
2,7800,PICNIC_BASKET2,30097,2,30096,33,,,30102,14,30103,21,,,30099.5,-39.25
2,7800,VOLCANIC_ROCK_VOUCHER_10000,240,14,,,,,241,14,,,,,240.5,2519.089844
2,7800,SQUID_INK,1808,25,,,,,1811,25,,,,,1809.5,222.5878906
2,7800,VOLCANIC_ROCK_VOUCHER_10250,68,14,,,,,69,14,,,,,68.5,984.7485352
2,7800,CROISSANTS,4268,42,4267,69,,,4269,111,,,,,4268.5,-338
2,7800,KELP,2044,25,,,,,2047,25,,,,,2045.5,-34.4140625
2,7800,JAMS,6526,69,6525,191,,,6527,69,6528,191,,,6526.5,-1453.75
2,7800,DJEMBES,13409,21,13408,43,,,13410,64,,,,,13409.5,186.1689453
2,7800,RAINFOREST_RESIN,10002,5,9992,31,,,10008,31,,,,,10005,-71
2,7800,VOLCANIC_ROCK,10228,144,10227,43,,,10229,138,10230,43,,,10228.5,2752
2,7900,VOLCANIC_ROCK,10231,146,10230,69,,,10232,146,10233,69,,,10231.5,1642
2,7900,DJEMBES,13409,59,,,,,13410,59,,,,,13409.5,186.4052734
2,7900,SQUID_INK,1810,31,,,,,1811,3,1812,1,1813,31,1810.5,193.6699219
2,7900,VOLCANIC_ROCK_VOUCHER_10500,9,21,,,,,10,21,,,,,9.5,168.9599609
2,7900,KELP,2044,31,,,,,2045,3,2046,1,2047,31,2044.5,-35.7734375
2,7900,JAMS,6526,80,6525,158,,,6527,80,6528,158,,,6526.5,-1479
2,7900,VOLCANIC_ROCK_VOUCHER_10000,244,21,,,,,245,21,,,,,244.5,1850.246094
2,7900,RAINFOREST_RESIN,9992,33,,,,,10008,33,,,,,10000,-71
2,7900,VOLCANIC_ROCK_VOUCHER_10250,69,21,,,,,70,21,,,,,69.5,823.9189453
2,7900,VOLCANIC_ROCK_VOUCHER_9500,732,1,731,20,,,733,21,,,,,732.5,1722.34375
2,7900,PICNIC_BASKET2,30099,1,30098,40,,,30104,1,30105,40,,,30101.5,201.75
2,7900,PICNIC_BASKET1,58728,1,58727,40,,,58738,21,58739,20,,,58733,-1488.75
2,7900,CROISSANTS,4267,139,,,,,4269,139,,,,,4268,-330.75
2,7900,VOLCANIC_ROCK_VOUCHER_9750,482,21,,,,,483,21,,,,,482.5,2036.40625
2,8000,PICNIC_BASKET2,30097,2,30096,35,,,30102,14,30103,23,,,30099.5,-16.5
2,8000,SQUID_INK,1810,4,1809,3,1808,29,1811,29,,,,,1810.5,227.6640625
2,8000,VOLCANIC_ROCK_VOUCHER_9750,482,14,,,,,483,14,,,,,482.5,2011.09375
2,8000,CROISSANTS,4267,92,,,,,4268,92,,,,,4267.5,-211
2,8000,VOLCANIC_ROCK_VOUCHER_9500,730,14,,,,,731,14,,,,,730.5,1948.8125
2,8000,VOLCANIC_ROCK,10230,119,10229,74,,,10231,119,10232,74,,,10230.5,2052
2,8000,VOLCANIC_ROCK_VOUCHER_10500,9,14,,,,,10,14,,,,,9.5,149.4801025
2,8000,PICNIC_BASKET1,58727,2,58726,12,58725,23,58736,2,58737,12,58738,23,58731.5,-1423.75
2,8000,VOLCANIC_ROCK_VOUCHER_10000,244,14,,,,,245,14,,,,,244.5,1821.789063
2,8000,RAINFOREST_RESIN,9992,32,,,,,10008,32,,,,,10000,-71
2,8000,VOLCANIC_ROCK_VOUCHER_10250,68,14,,,,,69,14,,,,,68.5,892.6044922
2,8000,DJEMBES,13410,58,,,,,13411,58,,,,,13410.5,221.0625
2,8000,KELP,2046,4,2045,3,2044,29,2047,29,,,,,2046.5,-34.25
2,8000,JAMS,6526,53,6525,182,,,6527,235,,,,,6526.5,-1436.75
2,8100,PICNIC_BASKET1,58726,2,58725,12,58724,27,58735,2,58736,12,58737,27,58730.5,-1321
2,8100,PICNIC_BASKET2,30094,14,30093,27,,,30099,2,30100,39,,,30096.5,-291.5
2,8100,VOLCANIC_ROCK_VOUCHER_9750,482,14,,,,,483,14,,,,,482.5,2028.640625
2,8100,VOLCANIC_ROCK_VOUCHER_10500,9,14,,,,,10,14,,,,,9.5,161.0599365
2,8100,RAINFOREST_RESIN,9992,25,,,,,10008,25,,,,,10000,-71
2,8100,DJEMBES,13410,27,13409,45,,,13411,72,,,,,13410.5,206.1875
2,8100,VOLCANIC_ROCK_VOUCHER_10250,69,14,,,,,70,14,,,,,69.5,827.2617188
2,8100,KELP,2044,21,,,,,2047,22,,,,,2045.5,-40.953125
2,8100,CROISSANTS,4267,153,,,,,4268,153,,,,,4267.5,-190.4375
2,8100,JAMS,6526,99,6525,106,,,6527,205,,,,,6526.5,-1438.25
2,8100,VOLCANIC_ROCK_VOUCHER_10000,242,14,,,,,243,14,,,,,242.5,2270.683594
2,8100,VOLCANIC_ROCK,10231,132,10230,64,,,10232,132,10233,64,,,10231.5,1759.25
2,8100,VOLCANIC_ROCK_VOUCHER_9500,731,14,,,,,732,14,,,,,731.5,1811.25
2,8100,SQUID_INK,1808,21,,,,,1811,22,,,,,1809.5,240.4296875
2,8200,SQUID_INK,1805,28,,,,,1808,28,,,,,1806.5,370.328125
2,8200,VOLCANIC_ROCK_VOUCHER_10250,69,20,,,,,70,20,,,,,69.5,790.0898438
2,8200,DJEMBES,13410,61,,,,,13412,61,,,,,13411,242.6875
2,8200,KELP,2044,28,,,,,2047,1,2048,27,,,2045.5,-23.4453125
2,8200,CROISSANTS,4266,108,,,,,4268,108,,,,,4267,-90.875
2,8200,JAMS,6524,70,6523,114,,,6525,70,6526,114,,,6524.5,-781.5
2,8200,VOLCANIC_ROCK_VOUCHER_10000,244,20,,,,,245,20,,,,,244.5,1814.25
2,8200,VOLCANIC_ROCK,10231,136,10230,67,,,10233,203,,,,,10232,1590.25
2,8200,PICNIC_BASKET2,30088,1,30087,41,,,30093,20,30094,22,,,30090.5,-918
2,8200,VOLCANIC_ROCK_VOUCHER_9750,483,20,,,,,484,20,,,,,483.5,1854.921875
2,8200,RAINFOREST_RESIN,9992,26,,,,,10008,26,,,,,10000,-71
2,8200,VOLCANIC_ROCK_VOUCHER_9500,732,20,,,,,733,20,,,,,732.5,1706.15625
2,8200,VOLCANIC_ROCK_VOUCHER_10500,9,20,,,,,10,20,,,,,9.5,168.4200439
2,8200,PICNIC_BASKET1,58718,1,58717,41,,,58728,20,58729,22,,,58723,-890.75
2,8300,RAINFOREST_RESIN,9992,29,,,,,10008,29,,,,,10000,-71
2,8300,VOLCANIC_ROCK_VOUCHER_9500,730,16,,,,,732,16,,,,,731,1928.546875
2,8300,CROISSANTS,4266,122,,,,,4268,122,,,,,4267,-97.6875
2,8300,PICNIC_BASKET1,58720,16,58719,28,,,58731,16,58732,28,,,58725.5,-1035
2,8300,PICNIC_BASKET2,30090,44,,,,,30096,16,30097,28,,,30093,-610.25
2,8300,VOLCANIC_ROCK_VOUCHER_9750,482,16,,,,,483,16,,,,,482.5,2156.078125
2,8300,VOLCANIC_ROCK_VOUCHER_10500,9,16,,,,,10,16,,,,,9.5,155.5
2,8300,VOLCANIC_ROCK,10230,106,10229,57,,,10231,106,10232,57,,,10230.5,2045.5
2,8300,DJEMBES,13410,61,,,,,13411,28,13412,33,,,13410.5,231.375
2,8300,SQUID_INK,1807,5,1806,25,,,1809,25,,,,,1808,317.1171875
2,8300,VOLCANIC_ROCK_VOUCHER_10250,68,16,,,,,69,16,,,,,68.5,874.8076172
2,8300,KELP,2045,5,2044,25,,,2048,25,,,,,2046.5,-21.7109375
2,8300,JAMS,6524,80,6523,190,,,6525,80,6526,190,,,6524.5,-813.25
2,8300,VOLCANIC_ROCK_VOUCHER_10000,245,16,,,,,246,16,,,,,245.5,1734.28125
2,8400,VOLCANIC_ROCK_VOUCHER_10500,9,17,,,,,10,17,,,,,9.5,137.960083
2,8400,VOLCANIC_ROCK,10229,143,10228,67,,,10231,210,,,,,10230,2326.25
2,8400,PICNIC_BASKET1,58728,1,58727,16,58726,26,58737,1,58738,16,58739,26,58732.5,-1476.25
2,8400,RAINFOREST_RESIN,9997,5,9992,25,,,10008,25,,,,,10002.5,-71
2,8400,VOLCANIC_ROCK_VOUCHER_10250,68,17,,,,,69,17,,,,,68.5,951.9873047
2,8400,DJEMBES,13410,71,,,,,13412,71,,,,,13411,245.125
2,8400,KELP,2044,33,,,,,2047,27,,,,,2045.5,-26.421875
2,8400,JAMS,6524,52,6523,127,,,6525,179,,,,,6524.5,-734.75
2,8400,VOLCANIC_ROCK_VOUCHER_10000,243,17,,,,,244,17,,,,,243.5,2017.972656
2,8400,PICNIC_BASKET2,30095,43,,,,,30101,17,30102,26,,,30098,-144.25
2,8400,SQUID_INK,1807,33,,,,,1810,27,,,,,1808.5,277.109375
2,8400,VOLCANIC_ROCK_VOUCHER_9750,481,17,,,,,482,17,,,,,481.5,2341.351563
2,8400,VOLCANIC_ROCK_VOUCHER_9500,730,17,,,,,731,17,,,,,730.5,2093.75
2,8400,CROISSANTS,4267,91,,,,,4269,91,,,,,4268,-298.6875
2,8500,VOLCANIC_ROCK_VOUCHER_10250,69,18,,,,,70,18,,,,,69.5,806.2060547
2,8500,KELP,2044,27,,,,,2047,27,,,,,2045.5,-28.65625
2,8500,SQUID_INK,1807,27,,,,,1810,27,,,,,1808.5,286.484375
2,8500,CROISSANTS,4268,43,4267,64,,,4269,107,,,,,4268.5,-353.8125
2,8500,JAMS,6524,64,6523,155,,,6525,64,6526,155,,,6524.5,-768
2,8500,VOLCANIC_ROCK_VOUCHER_10000,243,18,,,,,244,18,,,,,243.5,2083.234375
2,8500,VOLCANIC_ROCK,10231,148,10230,68,,,10232,148,10233,68,,,10231.5,1739.25
2,8500,VOLCANIC_ROCK_VOUCHER_9500,731,18,,,,,732,18,,,,,731.5,1774.578125
2,8500,PICNIC_BASKET1,58731,18,58730,29,,,58741,2,58742,45,,,58736,-1674.75
2,8500,PICNIC_BASKET2,30096,18,30095,29,,,30101,2,30102,45,,,30098.5,-93.25
2,8500,VOLCANIC_ROCK_VOUCHER_9750,483,18,,,,,484,18,,,,,483.5,1955.414063
2,8500,VOLCANIC_ROCK_VOUCHER_10500,9,18,,,,,10,18,,,,,9.5,167.5400391
2,8500,RAINFOREST_RESIN,9992,31,,,,,10008,31,,,,,10000,-71
2,8500,DJEMBES,13411,29,13410,45,,,13412,74,,,,,13411.5,261.0625
2,8600,PICNIC_BASKET2,30101,2,30100,34,,,30106,2,30107,34,,,30103.5,397.5
2,8600,VOLCANIC_ROCK_VOUCHER_9750,480,20,,,,,481,20,,,,,480.5,2422.242188
2,8600,RAINFOREST_RESIN,9992,33,,,,,10008,33,,,,,10000,-71
2,8600,VOLCANIC_ROCK_VOUCHER_9500,729,20,,,,,730,20,,,,,729.5,2181.296875
2,8600,VOLCANIC_ROCK_VOUCHER_10500,9,20,,,,,10,20,,,,,9.5,130.8599854
2,8600,PICNIC_BASKET1,58745,2,58744,18,58743,16,58754,2,58755,18,58756,16,58749.5,-2476.75
2,8600,VOLCANIC_ROCK_VOUCHER_10250,68,20,,,,,69,20,,,,,68.5,995.8046875
2,8600,KELP,2044,31,,,,,2047,31,,,,,2045.5,-28.96875
2,8600,DJEMBES,13410,48,,,,,13412,48,,,,,13411,248.9375
2,8600,CROISSANTS,4269,92,,,,,4270,92,,,,,4269.5,-639.3125
2,8600,JAMS,6523,177,,,,,6525,177,,,,,6524,-721.75
2,8600,VOLCANIC_ROCK_VOUCHER_10000,241,20,,,,,242,20,,,,,241.5,2536.976563
2,8600,VOLCANIC_ROCK,10229,132,10228,77,,,10230,132,10231,77,,,10229.5,2531.75
2,8600,SQUID_INK,1808,31,,,,,1811,2,1812,29,,,1809.5,217.828125
2,8700,VOLCANIC_ROCK_VOUCHER_10500,9,32,,,,,10,21,,,,,9.5,114.539917
2,8700,VOLCANIC_ROCK,10228,141,10227,66,,,10229,141,10230,66,,,10228.5,2905.5
2,8700,DJEMBES,13410,57,,,,,13411,19,13412,38,,,13410.5,234.375
2,8700,VOLCANIC_ROCK_VOUCHER_10250,67,32,,,,,68,21,,,,,67.5,1082.930664
2,8700,KELP,2044,26,,,,,2047,26,,,,,2045.5,-26.765625
2,8700,SQUID_INK,1808,26,,,,,1811,26,,,,,1809.5,220.6875
2,8700,JAMS,6523,189,,,,,6525,189,,,,,6524,-708.5
2,8700,VOLCANIC_ROCK_VOUCHER_10000,239,32,,,,,240,21,,,,,239.5,2858.164063
2,8700,RAINFOREST_RESIN,9992,35,,,,,10008,35,,,,,10000,-71
2,8700,VOLCANIC_ROCK_VOUCHER_9500,728,32,,,,,729,21,,,,,728.5,2392.921875
2,8700,CROISSANTS,4269,111,,,,,4270,111,,,,,4269.5,-644.75
2,8700,PICNIC_BASKET1,58753,21,58752,19,,,58763,2,58764,38,,,58758,-2993.75
2,8700,PICNIC_BASKET2,30102,40,,,,,30108,21,30109,19,,,30105,558.5
2,8700,VOLCANIC_ROCK_VOUCHER_9750,479,32,,,,,480,21,,,,,479.5,2639.835938
2,8800,SQUID_INK,1812,10,1810,31,,,1813,31,,,,,1812.5,143.9296875
2,8800,PICNIC_BASKET2,30101,33,,,,,30107,12,30108,21,,,30104,459.5
2,8800,VOLCANIC_ROCK_VOUCHER_9750,479,12,,,,,480,12,,,,,479.5,2639.546875
2,8800,VOLCANIC_ROCK_VOUCHER_9500,728,12,,,,,729,12,,,,,728.5,2449.671875
2,8800,CROISSANTS,4268,118,,,,,4270,118,,,,,4269,-550.25
2,8800,VOLCANIC_ROCK_VOUCHER_10500,9,12,,,,,10,12,,,,,9.5,112.0001221
2,8800,VOLCANIC_ROCK,10227,156,,,,,10229,103,10230,53,,,10228,3005.25
2,8800,PICNIC_BASKET1,58755,2,58754,10,58753,21,58764,2,58765,10,58766,21,58759.5,-3062.5
2,8800,RAINFOREST_RESIN,9992,25,,,,,9997,7,10008,25,,,9994.5,-71
2,8800,VOLCANIC_ROCK_VOUCHER_10250,67,12,,,,,68,12,,,,,67.5,1102.098633
2,8800,KELP,2046,10,2044,31,,,2047,31,,,,,2046.5,-29.828125
2,8800,DJEMBES,13410,66,,,,,13411,21,13412,45,,,13410.5,233.4375
2,8800,JAMS,6524,179,,,,,6525,4,6526,179,,,6524.5,-1029
2,8800,VOLCANIC_ROCK_VOUCHER_10000,242,12,,,,,243,12,,,,,242.5,2357.742188
2,8900,PICNIC_BASKET1,58763,1,58762,12,58761,18,58772,1,58773,12,58774,18,58767.5,-3560.75
2,8900,PICNIC_BASKET2,30100,13,30099,18,,,30106,31,,,,,30103,343.25
2,8900,VOLCANIC_ROCK_VOUCHER_9750,479,13,,,,,480,13,,,,,479.5,2715.203125
2,8900,VOLCANIC_ROCK_VOUCHER_10500,9,13,,,,,10,13,,,,,9.5,112.6400146
2,8900,RAINFOREST_RESIN,9992,33,,,,,9998,3,10003,5,10008,33,9995,-71
2,8900,DJEMBES,13410,54,,,,,13412,54,,,,,13411,249.4375
2,8900,VOLCANIC_ROCK_VOUCHER_10250,67,13,,,,,68,13,,,,,67.5,1094.220703
2,8900,KELP,2044,28,,,,,2047,28,,,,,2045.5,-26.78125
2,8900,SQUID_INK,1808,28,,,,,1811,28,,,,,1809.5,226.578125
2,8900,CROISSANTS,4269,40,4268,76,,,4270,116,,,,,4269.5,-583.9375
2,8900,JAMS,6525,244,,,,,6527,244,,,,,6526,-1321.5
2,8900,VOLCANIC_ROCK_VOUCHER_10000,240,13,,,,,241,13,,,,,240.5,2660.804688
2,8900,VOLCANIC_ROCK,10227,179,,,,,10229,134,10230,45,,,10228,2957.5
2,8900,VOLCANIC_ROCK_VOUCHER_9500,728,13,,,,,729,13,,,,,728.5,2422.015625
2,9000,VOLCANIC_ROCK_VOUCHER_10250,67,20,,,,,68,20,,,,,67.5,1058.18457
2,9000,DJEMBES,13411,17,13410,43,,,13412,60,,,,,13411.5,260.9375
2,9000,KELP,2044,22,,,,,2047,22,,,,,2045.5,-27.125
2,9000,CROISSANTS,4269,131,,,,,4270,62,4271,69,,,4269.5,-704.8125
2,9000,JAMS,6525,204,,,,,6527,204,,,,,6526,-1285.5
2,9000,VOLCANIC_ROCK_VOUCHER_10000,240,20,,,,,241,20,,,,,240.5,2567.324219
2,9000,VOLCANIC_ROCK,10228,122,10227,67,,,10229,122,10230,67,,,10228.5,2776
2,9000,SQUID_INK,1809,22,,,,,1812,22,,,,,1810.5,198.40625
2,9000,PICNIC_BASKET2,30099,37,,,,,30105,20,30106,17,,,30102,276
2,9000,VOLCANIC_ROCK_VOUCHER_9750,479,20,,,,,480,20,,,,,479.5,2613.671875
2,9000,RAINFOREST_RESIN,9992,32,,,,,10008,32,,,,,10000,-65
2,9000,VOLCANIC_ROCK_VOUCHER_9500,728,20,,,,,729,20,,,,,728.5,2338.96875
2,9000,VOLCANIC_ROCK_VOUCHER_10500,9,20,,,,,10,20,,,,,9.5,117.7601318
2,9000,PICNIC_BASKET1,58765,20,58764,17,,,58776,20,58777,17,,,58770.5,-3746.25
2,9100,RAINFOREST_RESIN,10002,3,9992,31,,,10008,31,,,,,10005,-65
2,9100,VOLCANIC_ROCK_VOUCHER_9500,728,17,,,,,730,17,,,,,729,2316.5625
2,9100,PICNIC_BASKET1,58767,1,58766,16,58765,27,58776,1,58777,16,58778,27,58771.5,-3822.25
2,9100,CROISSANTS,4269,98,,,,,4270,5,4271,98,,,4269.5,-758
2,9100,PICNIC_BASKET2,30099,17,30098,27,,,30105,44,,,,,30102,245.75
2,9100,VOLCANIC_ROCK_VOUCHER_9750,480,17,,,,,481,17,,,,,480.5,2515.671875
2,9100,VOLCANIC_ROCK,10228,134,10227,69,,,10229,134,10230,69,,,10228.5,2781.5
2,9100,VOLCANIC_ROCK_VOUCHER_10500,9,17,,,,,10,17,,,,,9.5,116.6401367
2,9100,DJEMBES,13410,60,,,,,13412,60,,,,,13411,239.8125
2,9100,JAMS,6525,50,6524,119,,,6526,50,6527,119,,,6525.5,-1187.5
2,9100,VOLCANIC_ROCK_VOUCHER_10250,67,17,,,,,68,17,,,,,67.5,1061.441406
2,9100,KELP,2044,29,,,,,2047,30,,,,,2045.5,-28.234375
2,9100,SQUID_INK,1809,29,,,,,1812,30,,,,,1810.5,186.2890625
2,9100,VOLCANIC_ROCK_VOUCHER_10000,243,17,,,,,244,17,,,,,243.5,2104.800781
2,9200,VOLCANIC_ROCK_VOUCHER_10500,9,20,,,,,10,20,,,,,9.5,85.5
2,9200,PICNIC_BASKET1,58768,2,58767,18,58766,18,58772,7,58777,2,58778,18,58770,-3874.25
2,9200,VOLCANIC_ROCK,10226,148,10225,76,,,10227,148,10228,76,,,10226.5,3508.25
2,9200,JAMS,6525,81,6524,141,,,6526,81,6527,141,,,6525.5,-1180
2,9200,RAINFOREST_RESIN,9992,30,,,,,9998,5,10008,30,,,9995,-65
2,9200,VOLCANIC_ROCK_VOUCHER_10250,67,20,,,,,68,20,,,,,67.5,1229.27832
2,9200,DJEMBES,13415,59,,,,,13416,59,,,,,13415.5,525.75
2,9200,KELP,2044,24,,,,,2047,24,,,,,2045.5,-28.2265625
2,9200,VOLCANIC_ROCK_VOUCHER_10000,241,20,,,,,243,20,,,,,242,2362.230469
2,9200,SQUID_INK,1809,24,,,,,1812,24,,,,,1810.5,173.359375
2,9200,PICNIC_BASKET2,30100,2,30099,36,,,30102,7,30105,20,30106,18,30101,270.5
2,9200,VOLCANIC_ROCK_VOUCHER_9750,478,20,,,,,479,20,,,,,478.5,2829.820313
2,9200,CROISSANTS,4269,133,,,,,4270,133,,,,,4269.5,-683.9375
2,9200,VOLCANIC_ROCK_VOUCHER_9500,727,20,,,,,728,20,,,,,727.5,2685.265625
2,9300,CROISSANTS,4269,117,,,,,4270,47,4271,70,,,4269.5,-711.625
2,9300,JAMS,6525,70,6524,185,,,6526,70,6527,185,,,6525.5,-1183.25
2,9300,VOLCANIC_ROCK_VOUCHER_10250,66,17,,,,,67,17,,,,,66.5,1339.161133
2,9300,KELP,2044,36,,,,,2047,31,,,,,2045.5,-29.7109375
2,9300,SQUID_INK,1809,5,1808,31,,,1811,1,1812,30,,,1810,215.8359375
2,9300,VOLCANIC_ROCK_VOUCHER_10000,237,17,,,,,238,17,,,,,237.5,3231.964844
2,9300,VOLCANIC_ROCK,10225,109,10224,70,,,10226,109,10227,70,,,10225.5,3986.75
2,9300,VOLCANIC_ROCK_VOUCHER_9500,725,17,,,,,726,17,,,,,725.5,2922.453125
2,9300,PICNIC_BASKET1,58767,1,58766,16,58765,19,58776,1,58777,16,58778,19,58771.5,-3806.25
2,9300,PICNIC_BASKET2,30103,17,30102,19,,,30108,1,30109,35,,,30105.5,618.25
2,9300,VOLCANIC_ROCK_VOUCHER_9750,477,17,,,,,478,17,,,,,477.5,3108.242188
2,9300,VOLCANIC_ROCK_VOUCHER_10500,9,17,,,,,10,17,,,,,9.5,65.22009277
2,9300,RAINFOREST_RESIN,9992,26,,,,,10008,26,,,,,10000,-65
2,9300,DJEMBES,13415,65,,,,,13416,65,,,,,13415.5,520.5
2,9400,PICNIC_BASKET2,30103,2,30102,46,,,30108,2,30109,46,,,30105.5,600.75
2,9400,VOLCANIC_ROCK_VOUCHER_9750,474,1,,,,,475,21,,,,,474.5,3576.890625
2,9400,RAINFOREST_RESIN,9992,26,,,,,10008,26,,,,,10000,-65
2,9400,VOLCANIC_ROCK_VOUCHER_9500,722,1,,,,,724,21,,,,,723,3489.171875
2,9400,VOLCANIC_ROCK_VOUCHER_10500,9,1,,,,,10,21,,,,,9.5,17.14001465
2,9400,PICNIC_BASKET1,58768,2,58767,46,,,58777,2,58778,19,58779,27,58772.5,-3886.25
2,9400,VOLCANIC_ROCK,10222,147,10221,70,,,10223,147,10224,70,,,10222.5,5049
2,9400,CROISSANTS,4269,140,,,,,4270,50,4271,90,,,4269.5,-725.25
2,9400,JAMS,6525,203,,,,,6527,203,,,,,6526,-1293.25
2,9400,VOLCANIC_ROCK_VOUCHER_10250,65,1,,,,,66,21,,,,,65.5,1589.40332
2,9400,DJEMBES,13418,71,,,,,13419,71,,,,,13418.5,697.25
2,9400,KELP,2045,2,2044,28,,,2047,28,,,,,2046,-29.0546875
2,9400,VOLCANIC_ROCK_VOUCHER_10000,234,1,,,,,235,21,,,,,234.5,3717.222656
2,9400,SQUID_INK,1809,2,1808,28,,,1811,2,1812,26,,,1810,217.609375
2,9500,VOLCANIC_ROCK_VOUCHER_10500,9,20,,,,,10,20,,,,,9.5,45.66003418
2,9500,DJEMBES,13416,73,,,,,13418,73,,,,,13417,603.8125
2,9500,JAMS,6525,276,,,,,6527,276,,,,,6526,-1295.5
2,9500,VOLCANIC_ROCK_VOUCHER_10250,65,20,,,,,66,20,,,,,65.5,1455.886719
2,9500,KELP,2044,25,,,,,2047,2,2048,23,,,2045.5,-22.0390625
2,9500,SQUID_INK,1807,25,,,,,1810,25,,,,,1808.5,287.578125
2,9500,VOLCANIC_ROCK_VOUCHER_10000,237,20,,,,,238,20,,,,,237.5,3345.949219
2,9500,VOLCANIC_ROCK,10223,170,,,,,10225,106,10226,64,,,10224,4682.25
2,9500,RAINFOREST_RESIN,9992,26,,,,,10008,26,,,,,10000,-65
2,9500,VOLCANIC_ROCK_VOUCHER_9500,724,20,,,,,725,20,,,,,724.5,3219.15625
2,9500,CROISSANTS,4269,137,,,,,4270,40,4271,97,,,4269.5,-696.5
2,9500,PICNIC_BASKET1,58770,2,58769,18,58768,30,58779,2,58780,18,58781,30,58774.5,-3984.5
2,9500,PICNIC_BASKET2,30103,20,30102,30,,,30108,2,30109,48,,,30105.5,620.25
2,9500,VOLCANIC_ROCK_VOUCHER_9750,475,20,,,,,476,20,,,,,475.5,3411.367188
2,9600,SQUID_INK,1807,30,,,,,1808,4,1809,3,1811,30,1807.5,265.640625
2,9600,PICNIC_BASKET2,30093,5,30091,11,30090,17,30097,28,,,,,30095,-583.25
2,9600,VOLCANIC_ROCK_VOUCHER_9750,473,11,,,,,474,11,,,,,473.5,3811.304688
2,9600,CROISSANTS,4269,97,,,,,4270,97,,,,,4269.5,-615.125
2,9600,VOLCANIC_ROCK_VOUCHER_9500,721,11,,,,,723,11,,,,,722,3688.671875
2,9600,VOLCANIC_ROCK_VOUCHER_10500,9,11,,,,,10,11,,,,,9.5,9.740112305
2,9600,PICNIC_BASKET1,58756,5,58751,11,58750,17,58762,11,58763,17,,,58759,-2924.5
2,9600,VOLCANIC_ROCK,10221,149,10220,43,,,10223,192,,,,,10222,5208.75
2,9600,KELP,2044,29,,,,,2045,3,2046,3,2048,30,2044.5,-21.328125
2,9600,JAMS,6520,10,6519,189,,,6521,189,,,,,6520.5,720.25
2,9600,RAINFOREST_RESIN,9992,26,,,,,9999,1,10008,26,,,9995.5,-65
2,9600,VOLCANIC_ROCK_VOUCHER_10250,64,11,,,,,65,11,,,,,64.5,1651.21875
2,9600,DJEMBES,13417,60,,,,,13418,60,,,,,13417.5,636.1875
2,9600,VOLCANIC_ROCK_VOUCHER_10000,236,11,,,,,237,11,,,,,236.5,3525.535156
2,9700,PICNIC_BASKET1,58753,2,58752,13,58751,15,58762,2,58763,13,58764,15,58757.5,-2981
2,9700,PICNIC_BASKET2,30088,15,30087,15,,,30094,30,,,,,30091,-851.25
2,9700,VOLCANIC_ROCK_VOUCHER_9750,477,15,,,,,478,15,,,,,477.5,3150.296875
2,9700,VOLCANIC_ROCK_VOUCHER_10500,9,15,,,,,10,15,,,,,9.5,67.56005859
2,9700,RAINFOREST_RESIN,9992,29,,,,,10003,7,10008,29,,,9997.5,-65
2,9700,DJEMBES,13417,65,,,,,13418,65,,,,,13417.5,640.375
2,9700,CROISSANTS,4269,5,4268,124,,,4270,124,,,,,4269.5,-545.75
2,9700,KELP,2044,21,,,,,2045,2,2047,2,2048,20,2044.5,-20.3359375
2,9700,JAMS,6519,259,,,,,6521,259,,,,,6520,753
2,9700,VOLCANIC_ROCK_VOUCHER_10250,66,15,,,,,67,15,,,,,66.5,1353.796875
2,9700,VOLCANIC_ROCK_VOUCHER_10000,238,15,,,,,239,15,,,,,238.5,3099.609375
2,9700,SQUID_INK,1805,21,,,,,1806,2,1808,22,,,1805.5,380.5234375
2,9700,VOLCANIC_ROCK,10225,106,10224,51,,,10226,106,10227,51,,,10225.5,4826.09375
2,9700,VOLCANIC_ROCK_VOUCHER_9500,725,15,,,,,726,15,,,,,725.5,2957.734375
2,9800,VOLCANIC_ROCK,10222,105,10221,42,,,10223,105,10224,42,,,10222.5,5222.125
2,9800,CROISSANTS,4269,141,,,,,4270,141,,,,,4269.5,-674.4375
2,9800,KELP,2044,23,,,,,2048,21,,,,,2046,-19.140625
2,9800,JAMS,6518,207,,,,,6520,207,,,,,6519,1233.25
2,9800,VOLCANIC_ROCK_VOUCHER_10250,65,13,,,,,66,13,,,,,65.5,1614.280273
2,9800,DJEMBES,13417,77,,,,,13418,27,13419,50,,,13417.5,657.8125
2,9800,VOLCANIC_ROCK_VOUCHER_10000,237,13,,,,,238,13,,,,,237.5,3254.328125
2,9800,SQUID_INK,1806,23,,,,,1809,21,,,,,1807.5,357.125
2,9800,PICNIC_BASKET2,30085,40,,,,,30088,3,30091,13,30092,27,30086.5,-1108.5
2,9800,VOLCANIC_ROCK_VOUCHER_9750,473,13,,,,,475,13,,,,,474,3749.132813
2,9800,RAINFOREST_RESIN,9992,34,,,,,9998,3,10008,34,,,9995,-65
2,9800,VOLCANIC_ROCK_VOUCHER_9500,722,13,,,,,723,13,,,,,722.5,3554.5
2,9800,VOLCANIC_ROCK_VOUCHER_10500,9,13,,,,,10,13,,,,,9.5,18.44006348
2,9800,PICNIC_BASKET1,58750,13,58749,27,,,58755,3,58761,40,,,58752.5,-2819.5
2,9900,RAINFOREST_RESIN,9992,27,,,,,10008,27,,,,,10000,-65
2,9900,VOLCANIC_ROCK_VOUCHER_9500,724,13,,,,,725,13,,,,,724.5,3168.859375
2,9900,CROISSANTS,4269,138,,,,,4271,138,,,,,4270,-737.4375
2,9900,PICNIC_BASKET1,58761,1,58760,12,58759,26,58770,1,58771,12,58772,26,58765.5,-3452
2,9900,PICNIC_BASKET2,30089,1,30088,38,,,30094,13,30095,26,,,30091.5,-827
2,9900,VOLCANIC_ROCK_VOUCHER_9750,475,13,,,,,476,13,,,,,475.5,3400.960938
2,9900,VOLCANIC_ROCK_VOUCHER_10500,9,13,,,,,10,13,,,,,9.5,53.42004395
2,9900,DJEMBES,13415,73,,,,,13416,26,13417,47,,,13415.5,530.6875
2,9900,KELP,2044,22,,,,,2048,22,,,,,2046,-15.7265625
2,9900,JAMS,6519,182,,,,,6521,182,,,,,6520,768.125
2,9900,VOLCANIC_ROCK_VOUCHER_10250,66,13,,,,,67,13,,,,,66.5,1423.199219
2,9900,VOLCANIC_ROCK_VOUCHER_10000,236,13,,,,,237,13,,,,,236.5,3496.882813
2,9900,SQUID_INK,1805,22,,,,,1808,22,,,,,1806.5,376.7265625
2,9900,VOLCANIC_ROCK,10224,103,10223,55,,,10225,103,10226,55,,,10224.5,5070.75
2,10000,VOLCANIC_ROCK_VOUCHER_10500,9,3,,,,,10,14,,,,,9.5,42.54003906
2,10000,PICNIC_BASKET1,58757,2,58756,12,58755,16,58766,2,58767,12,58768,16,58761.5,-3217
2,10000,VOLCANIC_ROCK,10223,180,,,,,10225,109,10226,71,,,10224,5084.375
2,10000,KELP,2044,24,,,,,2047,2,2048,22,,,2045.5,-19.84375
2,10000,JAMS,6518,253,,,,,6520,253,,,,,6519,892.9375
2,10000,RAINFOREST_RESIN,9992,31,,,,,10008,31,,,,,10000,-65
2,10000,VOLCANIC_ROCK_VOUCHER_10250,65,3,,,,,66,14,,,,,65.5,1473.267578
2,10000,DJEMBES,13415,52,,,,,13417,52,,,,,13416,544.75
2,10000,VOLCANIC_ROCK_VOUCHER_10000,236,3,,,,,237,14,,,,,236.5,3431.804688
2,10000,SQUID_INK,1806,24,,,,,1809,24,,,,,1807.5,338.46875
2,10000,PICNIC_BASKET2,30084,14,30083,16,,,30089,2,30090,28,,,30086.5,-1278.75
2,10000,VOLCANIC_ROCK_VOUCHER_9750,475,3,,,,,476,14,,,,,475.5,3415.523438
2,10000,CROISSANTS,4269,113,,,,,4270,48,4271,65,,,4269.5,-715.9375
2,10000,VOLCANIC_ROCK_VOUCHER_9500,724,3,,,,,725,14,,,,,724.5,3267.4375
2,10100,CROISSANTS,4270,109,,,,,4271,50,4272,59,,,4270.5,-956.125
2,10100,KELP,2044,23,,,,,2047,23,,,,,2045.5,-20.671875
2,10100,JAMS,6517,166,,,,,6519,166,,,,,6518,537.875
2,10100,VOLCANIC_ROCK_VOUCHER_10250,65,11,,,,,66,11,,,,,65.5,1510.958008
2,10100,VOLCANIC_ROCK_VOUCHER_10000,234,11,,,,,235,11,,,,,234.5,3745.972656
2,10100,SQUID_INK,1805,1,1804,22,,,1808,23,,,,,1806.5,411.1640625
2,10100,VOLCANIC_ROCK,10223,120,10222,63,,,10224,115,10225,63,,,10223.5,5155.875
2,10100,VOLCANIC_ROCK_VOUCHER_9500,723,11,,,,,724,11,,,,,723.5,3359.515625
2,10100,PICNIC_BASKET1,58758,1,58757,10,58756,17,58767,1,58768,10,58769,17,58762.5,-3262.5
2,10100,PICNIC_BASKET2,30084,28,,,,,30090,11,30091,17,,,30087,-1245
2,10100,VOLCANIC_ROCK_VOUCHER_9750,474,11,,,,,475,11,,,,,474.5,3595.296875
2,10100,DJEMBES,13416,66,,,,,13417,66,,,,,13416.5,584.875
2,10100,VOLCANIC_ROCK_VOUCHER_10500,9,11,,,,,10,11,,,,,9.5,37.26000977
2,10100,RAINFOREST_RESIN,9992,30,,,,,10008,30,,,,,10000,-65
2,10200,VOLCANIC_ROCK_VOUCHER_9500,723,2,,,,,724,16,,,,,723.5,3421.6875
2,10200,PICNIC_BASKET2,30082,42,,,,,30088,16,30089,26,,,30085,-1447
2,10200,VOLCANIC_ROCK_VOUCHER_9750,474,2,,,,,475,16,,,,,474.5,3615.625
2,10200,RAINFOREST_RESIN,9992,29,,,,,9999,1,10008,29,,,9995.5,-65
2,10200,PICNIC_BASKET1,58763,2,58762,14,58761,26,58772,2,58773,14,58774,26,58767.5,-3550.25
2,10200,VOLCANIC_ROCK_VOUCHER_10500,9,2,,,,,10,16,,,,,9.5,31.90002441
2,10200,VOLCANIC_ROCK,10222,170,,,,,10224,103,10225,67,,,10223,5203.75
2,10200,CROISSANTS,4270,140,,,,,4271,140,,,,,4270.5,-903.4375
2,10200,DJEMBES,13416,56,,,,,13417,26,13418,30,,,13416.5,597.125
2,10200,KELP,2044,31,,,,,2047,31,,,,,2045.5,-28.515625
2,10200,JAMS,6517,221,,,,,6519,221,,,,,6518,407.375
2,10200,VOLCANIC_ROCK_VOUCHER_10250,65,2,,,,,66,16,,,,,65.5,1540.391602
2,10200,VOLCANIC_ROCK_VOUCHER_10000,235,2,,,,,236,16,,,,,235.5,3616.898438
2,10200,SQUID_INK,1805,31,,,,,1808,31,,,,,1806.5,383.8359375
2,10300,DJEMBES,13416,62,,,,,13417,15,13418,47,,,13416.5,591.25
2,10300,VOLCANIC_ROCK_VOUCHER_10500,8,16,,,,,9,16,,,,,8.5,-46.76000977
2,10300,KELP,2044,27,,,,,2047,27,,,,,2045.5,-31.734375
2,10300,JAMS,6517,97,6516,150,,,6518,97,6519,150,,,6517.5,236.625
2,10300,VOLCANIC_ROCK_VOUCHER_10000,230,16,,,,,231,16,,,,,230.5,4511.871094
2,10300,VOLCANIC_ROCK_VOUCHER_10250,63,16,,,,,64,16,,,,,63.5,1954.170898
2,10300,SQUID_INK,1803,27,,,,,1806,27,,,,,1804.5,478.4296875
2,10300,VOLCANIC_ROCK,10218,128,10217,61,,,10219,128,10220,61,,,10218.5,5856.5
2,10300,RAINFOREST_RESIN,9992,34,,,,,10008,34,,,,,10000,-65
2,10300,VOLCANIC_ROCK_VOUCHER_9500,718,16,,,,,719,2,720,14,,,718.5,4274.234375
2,10300,CROISSANTS,4270,54,4269,97,,,4271,151,,,,,4270.5,-809.75
2,10300,VOLCANIC_ROCK_VOUCHER_9750,469,16,,,,,471,16,,,,,470,4530.664063
2,10300,PICNIC_BASKET1,58761,2,58760,29,,,58771,16,58772,15,,,58766,-3471.75
2,10300,PICNIC_BASKET2,30078,31,,,,,30084,16,30085,15,,,30081,-1843
2,10400,SQUID_INK,1803,27,,,,,1806,27,,,,,1804.5,436.8632813
2,10400,VOLCANIC_ROCK_VOUCHER_9500,719,28,,,,,720,14,,,,,719.5,4152
2,10400,PICNIC_BASKET2,30078,14,30077,25,,,30083,2,30084,37,,,30080.5,-1882.5
2,10400,CROISSANTS,4269,129,,,,,4271,129,,,,,4270,-759.3125
2,10400,VOLCANIC_ROCK_VOUCHER_9750,470,28,,,,,471,14,,,,,470.5,4428.632813
2,10400,PICNIC_BASKET1,58759,14,58758,25,,,58769,14,58770,25,,,58764,-3352.75
2,10400,VOLCANIC_ROCK_VOUCHER_10500,8,28,,,,,9,14,,,,,8.5,-32.20007324
2,10400,VOLCANIC_ROCK,10219,142,10218,64,,,10220,142,10221,64,,,10219.5,5808.5
2,10400,DJEMBES,13417,65,,,,,13418,25,13419,40,,,13417.5,647.6875
2,10400,KELP,2044,27,,,,,2047,27,,,,,2045.5,-33
2,10400,JAMS,6517,70,6516,153,,,6518,70,6519,153,,,6517.5,228.5
2,10400,VOLCANIC_ROCK_VOUCHER_10000,233,28,,,,,234,14,,,,,233.5,4077.074219
2,10400,RAINFOREST_RESIN,9992,29,,,,,10008,29,,,,,10000,-65
2,10400,VOLCANIC_ROCK_VOUCHER_10250,63,28,,,,,64,14,,,,,63.5,1886.511719
2,10500,VOLCANIC_ROCK_VOUCHER_9750,465,22,,,,,466,22,,,,,465.5,5273.429688
2,10500,PICNIC_BASKET1,58756,2,58755,20,58754,16,58765,2,58766,20,58767,16,58760.5,-3144.25
2,10500,PICNIC_BASKET2,30077,38,,,,,30083,22,30084,16,,,30080,-1941.25
2,10500,DJEMBES,13418,50,,,,,13419,50,,,,,13418.5,689.4375
2,10500,VOLCANIC_ROCK_VOUCHER_10500,8,22,,,,,9,22,,,,,8.5,-116.3999023
2,10500,RAINFOREST_RESIN,9992,25,,,,,10008,25,,,,,10000,-65
2,10500,KELP,2044,29,,,,,2047,29,,,,,2045.5,-30.46875
2,10500,CROISSANTS,4269,120,,,,,4270,120,,,,,4269.5,-677.8125
2,10500,JAMS,6516,193,,,,,6518,193,,,,,6517,100.5
